date,code,time,price,volume,bs
2026-04-01,000333,14:06:39,76.5900,27,1
2026-04-01,000333,14:06:42,76.5900,34,1
2026-04-01,000333,14:06:45,76.5900,20,1
2026-04-01,000333,14:06:48,76.5900,191,1
2026-04-01,000333,14:06:51,76.6000,42,4
2026-04-01,000333,14:06:54,76.6000,10,1
2026-04-01,000333,14:06:57,76.6000,7,1
2026-04-01,000333,14:07:00,76.5900,12,2
2026-04-01,000333,14:07:03,76.6000,76,1
2026-04-01,000333,14:07:06,76.6000,48,1
2026-04-01,000333,14:07:09,76.6000,53,2
2026-04-01,000333,14:07:12,76.6000,38,1
2026-04-01,000333,14:07:15,76.6000,26,2
2026-04-01,000333,14:07:18,76.6100,44,1
2026-04-01,000333,14:07:21,76.6000,14,2
2026-04-01,000333,14:07:24,76.6000,35,2
2026-04-01,000333,14:07:27,76.5900,51,2
2026-04-01,000333,14:07:30,76.5900,69,2
2026-04-01,000333,14:07:33,76.5900,158,1
2026-04-01,000333,14:07:36,76.5800,65,2
2026-04-01,000333,14:07:39,76.5800,30,2
2026-04-01,000333,14:07:42,76.5800,20,1
2026-04-01,000333,14:07:45,76.5700,14,2
2026-04-01,000333,14:07:48,76.5800,15,1
2026-04-01,000333,14:07:51,76.5700,26,2
2026-04-01,000333,14:07:54,76.6200,128,1
2026-04-01,000333,14:07:57,76.6300,15,1
2026-04-01,000333,14:08:00,76.6200,35,2
2026-04-01,000333,14:08:03,76.6200,59,2
2026-04-01,000333,14:08:06,76.6200,39,2
2026-04-01,000333,14:08:09,76.6200,11,2
2026-04-01,000333,14:08:12,76.6200,73,2
2026-04-01,000333,14:08:15,76.6300,49,1
2026-04-01,000333,14:08:18,76.6100,177,1
2026-04-01,000333,14:08:21,76.6200,69,1
2026-04-01,000333,14:08:24,76.6200,36,2
2026-04-01,000333,14:08:27,76.6200,35,2
2026-04-01,000333,14:08:30,76.6100,77,2
2026-04-01,000333,14:08:33,76.6100,63,2
2026-04-01,000333,14:08:36,76.6100,23,2
2026-04-01,000333,14:08:39,76.6200,32,2
2026-04-01,000333,14:08:42,76.6500,11,1
2026-04-01,000333,14:08:45,76.6400,12,2
2026-04-01,000333,14:08:48,76.6400,12,2
2026-04-01,000333,14:08:51,76.6300,28,2
2026-04-01,000333,14:08:54,76.6300,15,4
2026-04-01,000333,14:08:57,76.6200,17,2
2026-04-01,000333,14:09:00,76.6200,14,1
2026-04-01,000333,14:09:03,76.6100,145,2
2026-04-01,000333,14:09:06,76.6200,45,2
2026-04-01,000333,14:09:09,76.6200,45,1
2026-04-01,000333,14:09:12,76.6300,16,1
2026-04-01,000333,14:09:15,76.6200,15,2
2026-04-01,000333,14:09:18,76.6300,6,1
2026-04-01,000333,14:09:21,76.6300,35,1
2026-04-01,000333,14:09:24,76.6200,16,4
2026-04-01,000333,14:09:27,76.6300,6,1
2026-04-01,000333,14:09:30,76.6100,42,2
2026-04-01,000333,14:09:33,76.6000,47,2
2026-04-01,000333,14:09:36,76.5800,35,2
2026-04-01,000333,14:09:39,76.5800,25,1
2026-04-01,000333,14:09:42,76.5800,33,1
2026-04-01,000333,14:09:45,76.6100,34,1
2026-04-01,000333,14:09:48,76.6000,7,1
2026-04-01,000333,14:09:51,76.5900,1,2
2026-04-01,000333,14:09:54,76.6000,11,1
2026-04-01,000333,14:10:00,76.6000,35,1
2026-04-01,000333,14:10:03,76.6100,52,1
2026-04-01,000333,14:10:06,76.6200,20,1
2026-04-01,000333,14:10:09,76.6100,7,2
2026-04-01,000333,14:10:12,76.6200,24,1
2026-04-01,000333,14:10:18,76.6200,35,1
2026-04-01,000333,14:10:21,76.6200,9,1
2026-04-01,000333,14:10:24,76.6200,13,1
2026-04-01,000333,14:10:27,76.6200,18,2
2026-04-01,000333,14:10:30,76.6100,20,2
2026-04-01,000333,14:10:33,76.6100,24,2
2026-04-01,000333,14:10:36,76.6100,45,2
2026-04-01,000333,14:10:39,76.6100,16,1
2026-04-01,000333,14:10:42,76.6000,12,2
2026-04-01,000333,14:10:45,76.6000,81,2
2026-04-01,000333,14:10:48,76.6000,81,1
2026-04-01,000333,14:10:51,76.5900,35,4
2026-04-01,000333,14:10:54,76.5900,38,1
2026-04-01,000333,14:10:57,76.5800,32,2
2026-04-01,000333,14:11:00,76.5900,40,1
2026-04-01,000333,14:11:03,76.5900,28,2
2026-04-01,000333,14:11:06,76.6000,11,1
2026-04-01,000333,14:11:09,76.5900,5,2
2026-04-01,000333,14:11:12,76.6000,33,1
2026-04-01,000333,14:11:15,76.5900,31,2
2026-04-01,000333,14:11:18,76.5700,186,2
2026-04-01,000333,14:11:21,76.5800,114,1
2026-04-01,000333,14:11:24,76.5700,25,2
2026-04-01,000333,14:11:27,76.5700,33,4
2026-04-01,000333,14:11:30,76.5500,8,2
2026-04-01,000333,14:11:33,76.5600,22,1
2026-04-01,000333,14:11:36,76.5600,9,1
2026-04-01,000333,14:11:39,76.5700,50,1
2026-04-01,000333,14:11:42,76.5700,34,1
2026-04-01,000333,14:11:45,76.5700,13,1
2026-04-01,000333,14:11:48,76.5800,24,1
2026-04-01,000333,14:11:51,76.5900,7,1
2026-04-01,000333,14:11:54,76.5800,19,2
2026-04-01,000333,14:11:57,76.5800,26,2
2026-04-01,000333,14:12:00,76.5700,8,2
2026-04-01,000333,14:12:03,76.5800,75,1
2026-04-01,000333,14:12:06,76.5800,29,2
2026-04-01,000333,14:12:09,76.5900,5,1
2026-04-01,000333,14:12:12,76.5900,13,1
2026-04-01,000333,14:12:15,76.5900,6,1
2026-04-01,000333,14:12:18,76.5800,1,2
2026-04-01,000333,14:12:21,76.5900,1,1
2026-04-01,000333,14:12:24,76.5900,36,1
2026-04-01,000333,14:12:27,76.5900,31,2
2026-04-01,000333,14:12:30,76.5800,27,2
2026-04-01,000333,14:12:33,76.5900,44,1
2026-04-01,000333,14:12:36,76.5700,31,2
2026-04-01,000333,14:12:39,76.5800,46,1
2026-04-01,000333,14:12:42,76.5800,31,1
2026-04-01,000333,14:12:45,76.5700,15,2
2026-04-01,000333,14:12:48,76.5800,25,1
2026-04-01,000333,14:12:51,76.5800,13,2
2026-04-01,000333,14:12:54,76.5900,20,1
2026-04-01,000333,14:12:57,76.6000,135,1
2026-04-01,000333,14:13:00,76.5900,30,2
2026-04-01,000333,14:13:03,76.6000,49,1
2026-04-01,000333,14:13:06,76.6100,82,1
2026-04-01,000333,14:13:09,76.5900,48,2
2026-04-01,000333,14:13:12,76.5900,29,1
2026-04-01,000333,14:13:15,76.5800,5,2
2026-04-01,000333,14:13:18,76.5800,24,2
2026-04-01,000333,14:13:21,76.5900,8,1
2026-04-01,000333,14:13:24,76.5900,2,1
2026-04-01,000333,14:13:27,76.5800,32,2
2026-04-01,000333,14:13:30,76.5800,142,2
2026-04-01,000333,14:13:33,76.5700,240,2
2026-04-01,000333,14:13:36,76.5600,239,2
2026-04-01,000333,14:13:39,76.5700,330,1
2026-04-01,000333,14:13:42,76.5700,98,4
2026-04-01,000333,14:13:45,76.5700,42,1
2026-04-01,000333,14:13:48,76.5600,14,2
2026-04-01,000333,14:13:51,76.5600,46,2
2026-04-01,000333,14:13:54,76.5700,75,1
2026-04-01,000333,14:13:57,76.5700,55,2
2026-04-01,000333,14:14:00,76.5600,41,2
2026-04-01,000333,14:14:03,76.5600,85,1
2026-04-01,000333,14:14:06,76.5500,39,2
2026-04-01,000333,14:14:09,76.5700,99,1
2026-04-01,000333,14:14:12,76.5700,50,2
2026-04-01,000333,14:14:15,76.5600,14,2
2026-04-01,000333,14:14:18,76.5800,18,1
2026-04-01,000333,14:14:21,76.5600,15,2
2026-04-01,000333,14:14:24,76.5600,25,2
2026-04-01,000333,14:14:27,76.5700,39,1
2026-04-01,000333,14:14:30,76.5800,34,1
2026-04-01,000333,14:14:33,76.5800,25,1
2026-04-01,000333,14:14:36,76.5700,6,2
2026-04-01,000333,14:14:39,76.5700,24,2
2026-04-01,000333,14:14:42,76.5800,12,1
2026-04-01,000333,14:14:45,76.5700,42,2
2026-04-01,000333,14:14:48,76.5800,97,1
2026-04-01,000333,14:14:51,76.5800,61,2
2026-04-01,000333,14:14:54,76.5700,30,2
2026-04-01,000333,14:14:57,76.5700,16,1
2026-04-01,000333,14:15:00,76.5700,11,1
2026-04-01,000333,14:15:03,76.5700,11,1
2026-04-01,000333,14:15:06,76.5600,16,2
2026-04-01,000333,14:15:09,76.5500,6,2
2026-04-01,000333,14:15:12,76.5600,29,1
2026-04-01,000333,14:15:15,76.5600,32,1
2026-04-01,000333,14:15:18,76.5500,17,2
2026-04-01,000333,14:15:21,76.5600,28,1
2026-04-01,000333,14:15:24,76.5700,6,1
2026-04-01,000333,14:15:27,76.5700,167,1
2026-04-01,000333,14:15:30,76.5700,91,2
2026-04-01,000333,14:15:33,76.5800,57,1
2026-04-01,000333,14:15:36,76.5800,43,2
2026-04-01,000333,14:15:39,76.5700,15,2
2026-04-01,000333,14:15:42,76.5800,7,1
2026-04-01,000333,14:15:45,76.5700,15,2
2026-04-01,000333,14:15:48,76.5700,14,2
2026-04-01,000333,14:15:51,76.5600,19,2
2026-04-01,000333,14:15:54,76.5700,15,1
2026-04-01,000333,14:15:57,76.5600,3,2
2026-04-01,000333,14:16:00,76.5600,25,2
2026-04-01,000333,14:16:03,76.5600,80,2
2026-04-01,000333,14:16:06,76.5700,150,1
2026-04-01,000333,14:16:09,76.5700,60,1
2026-04-01,000333,14:16:12,76.5900,85,1
2026-04-01,000333,14:16:15,76.5800,70,2
2026-04-01,000333,14:16:18,76.5700,47,4
2026-04-01,000333,14:16:21,76.5600,12,2
2026-04-01,000333,14:16:24,76.5800,93,1
2026-04-01,000333,14:16:27,76.5700,35,2
2026-04-01,000333,14:16:30,76.5600,37,2
2026-04-01,000333,14:16:33,76.5600,14,2
2026-04-01,000333,14:16:36,76.5600,8,2
2026-04-01,000333,14:16:39,76.5600,13,2
2026-04-01,000333,14:16:42,76.5900,90,1
2026-04-01,000333,14:16:45,76.5900,29,1
2026-04-01,000333,14:16:48,76.5900,29,1
2026-04-01,000333,14:16:51,76.5800,32,2
2026-04-01,000333,14:16:54,76.5800,28,2
2026-04-01,000333,14:16:57,76.5900,25,1
2026-04-01,000333,14:17:00,76.5800,12,2
2026-04-01,000333,14:17:03,76.5800,38,2
2026-04-01,000333,14:17:06,76.5700,63,2
2026-04-01,000333,14:17:09,76.5600,122,2
2026-04-01,000333,14:17:12,76.5600,561,2
2026-04-01,000333,14:17:15,76.5500,208,2
2026-04-01,000333,14:17:18,76.5600,56,2
2026-04-01,000333,14:17:21,76.5700,25,1
2026-04-01,000333,14:17:24,76.5700,18,1
2026-04-01,000333,14:17:27,76.5400,17,2
2026-04-01,000333,14:17:30,76.5500,47,2
2026-04-01,000333,14:17:33,76.5700,10,1
2026-04-01,000333,14:17:36,76.5600,28,4
2026-04-01,000333,14:17:39,76.5500,8,2
2026-04-01,000333,14:17:42,76.5700,28,1
2026-04-01,000333,14:17:45,76.5600,19,2
2026-04-01,000333,14:17:48,76.5700,40,1
2026-04-01,000333,14:17:51,76.5700,8,2
2026-04-01,000333,14:17:54,76.5700,13,2
2026-04-01,000333,14:17:57,76.5900,102,1
2026-04-01,000333,14:18:00,76.5800,54,2
2026-04-01,000333,14:18:03,76.5700,57,2
2026-04-01,000333,14:18:06,76.5800,68,1
2026-04-01,000333,14:18:09,76.5800,37,2
2026-04-01,000333,14:18:12,76.6100,223,1
2026-04-01,000333,14:18:15,76.5900,53,2
2026-04-01,000333,14:18:18,76.6100,77,1
2026-04-01,000333,14:18:21,76.6300,10,1
2026-04-01,000333,14:18:24,76.6500,127,1
2026-04-01,000333,14:18:27,76.6400,2,2
2026-04-01,000333,14:18:30,76.6300,17,2
2026-04-01,000333,14:18:33,76.6400,27,1
2026-04-01,000333,14:18:36,76.6300,65,2
2026-04-01,000333,14:18:39,76.6200,51,2
2026-04-01,000333,14:18:42,76.6300,28,1
2026-04-01,000333,14:18:45,76.6300,73,1
2026-04-01,000333,14:18:48,76.6500,9,1
2026-04-01,000333,14:18:54,76.6500,20,1
2026-04-01,000333,14:18:57,76.6600,10,1
2026-04-01,000333,14:19:00,76.6600,9,1
2026-04-01,000333,14:19:03,76.6800,226,1
2026-04-01,000333,14:19:06,76.6800,2,1
2026-04-01,000333,14:19:09,76.6800,92,1
2026-04-01,000333,14:19:12,76.6900,7,1
2026-04-01,000333,14:19:15,76.6800,30,2
2026-04-01,000333,14:19:18,76.6800,38,1
2026-04-01,000333,14:19:21,76.6800,20,1
2026-04-01,000333,14:19:24,76.6900,13,1
2026-04-01,000333,14:19:27,76.6700,53,2
2026-04-01,000333,14:19:30,76.6700,146,2
2026-04-01,000333,14:19:33,76.6600,40,2
2026-04-01,000333,14:19:36,76.6600,339,1
2026-04-01,000333,14:19:39,76.6600,4,2
2026-04-01,000333,14:19:42,76.6600,26,2
2026-04-01,000333,14:19:45,76.6600,24,1
2026-04-01,000333,14:19:48,76.6600,14,1
2026-04-01,000333,14:19:51,76.6400,21,2
2026-04-01,000333,14:19:54,76.6500,23,4
2026-04-01,000333,14:19:57,76.6500,7,1
2026-04-01,000333,14:20:00,76.6500,8,1
2026-04-01,000333,14:20:03,76.6500,53,1
2026-04-01,000333,14:20:06,76.6400,5,2
2026-04-01,000333,14:20:09,76.6400,13,2
2026-04-01,000333,14:20:12,76.6400,59,2
2026-04-01,000333,14:20:15,76.6300,3,2
2026-04-01,000333,14:20:18,76.6400,50,1
2026-04-01,000333,14:20:21,76.6300,16,2
2026-04-01,000333,14:20:24,76.6300,199,2
2026-04-01,000333,14:20:27,76.6300,24,2
2026-04-01,000333,14:20:30,76.6300,22,1
2026-04-01,000333,14:20:33,76.6300,89,1
2026-04-01,000333,14:20:36,76.6200,26,2
2026-04-01,000333,14:20:39,76.6200,5,1
2026-04-01,000333,14:20:42,76.6100,1,4
2026-04-01,000333,14:20:45,76.6100,17,4
2026-04-01,000333,14:20:48,76.6200,175,1
2026-04-01,000333,14:20:51,76.6300,22,4
2026-04-01,000333,14:20:54,76.6300,2,4
2026-04-01,000333,14:20:57,76.6300,7,4
2026-04-01,000333,14:21:00,76.6600,587,1
2026-04-01,000333,14:21:03,76.6700,57,1
2026-04-01,000333,14:21:06,76.6700,16,1
2026-04-01,000333,14:21:09,76.6700,45,1
2026-04-01,000333,14:21:12,76.6900,36,1
2026-04-01,000333,14:21:15,76.6900,49,1
2026-04-01,000333,14:21:18,76.6600,250,2
2026-04-01,000333,14:21:21,76.6600,104,2
2026-04-01,000333,14:21:24,76.6600,18,2
2026-04-01,000333,14:21:27,76.6500,13,2
2026-04-01,000333,14:21:30,76.6500,16,2
2026-04-01,000333,14:21:33,76.6500,17,2
2026-04-01,000333,14:21:36,76.6500,82,2
2026-04-01,000333,14:21:39,76.6500,18,1
2026-04-01,000333,14:21:42,76.6600,24,1
2026-04-01,000333,14:21:45,76.6700,66,1
2026-04-01,000333,14:21:48,76.6600,4,2
2026-04-01,000333,14:21:51,76.6700,36,1
2026-04-01,000333,14:21:54,76.6700,15,1
2026-04-01,000333,14:21:57,76.6800,198,2
2026-04-01,000333,14:22:00,76.6900,17,1
2026-04-01,000333,14:22:03,76.6800,96,2
2026-04-01,000333,14:22:06,76.6500,165,2
2026-04-01,000333,14:22:09,76.6800,22,1
2026-04-01,000333,14:22:12,76.6700,32,1
2026-04-01,000333,14:22:15,76.6700,8,1
2026-04-01,000333,14:22:18,76.6600,14,2
2026-04-01,000333,14:22:21,76.6600,66,2
2026-04-01,000333,14:22:24,76.6300,11,2
2026-04-01,000333,14:22:27,76.6600,10,1
2026-04-01,000333,14:22:30,76.6400,16,2
2026-04-01,000333,14:22:33,76.6600,62,1
2026-04-01,000333,14:22:36,76.6600,1,1
2026-04-01,000333,14:22:39,76.6400,18,4
2026-04-01,000333,14:22:42,76.6500,2,1
2026-04-01,000333,14:22:45,76.6600,31,1
2026-04-01,000333,14:22:48,76.6600,23,1
2026-04-01,000333,14:22:51,76.6600,11,1
2026-04-01,000333,14:22:54,76.6600,33,1
2026-04-01,000333,14:22:57,76.6500,4,2
2026-04-01,000333,14:23:00,76.6200,83,2
2026-04-01,000333,14:23:03,76.6500,59,1
2026-04-01,000333,14:23:06,76.6400,8,1
2026-04-01,000333,14:23:09,76.6400,10,1
2026-04-01,000333,14:23:12,76.6400,32,1
2026-04-01,000333,14:23:15,76.6300,23,2
2026-04-01,000333,14:23:18,76.6500,24,1
2026-04-01,000333,14:23:21,76.6400,11,1
2026-04-01,000333,14:23:24,76.6500,2,1
2026-04-01,000333,14:23:27,76.6400,1,1
2026-04-01,000333,14:23:30,76.6400,15,1
2026-04-01,000333,14:23:33,76.6500,29,1
2026-04-01,000333,14:23:36,76.6400,60,2
2026-04-01,000333,14:23:39,76.6500,8,1
2026-04-01,000333,14:23:42,76.6600,47,1
2026-04-01,000333,14:23:45,76.6500,21,1
2026-04-01,000333,14:23:48,76.6500,7,1
2026-04-01,000333,14:23:51,76.6500,8,1
2026-04-01,000333,14:23:54,76.6600,23,1
2026-04-01,000333,14:23:57,76.6400,18,2
2026-04-01,000333,14:24:00,76.6400,4,2
2026-04-01,000333,14:24:03,76.6400,81,2
2026-04-01,000333,14:24:06,76.6400,13,1
2026-04-01,000333,14:24:09,76.6300,2,2
2026-04-01,000333,14:24:12,76.6400,7,1
2026-04-01,000333,14:24:15,76.6400,20,1
2026-04-01,000333,14:24:21,76.6400,104,1
2026-04-01,000333,14:24:24,76.6700,89,1
2026-04-01,000333,14:24:27,76.6400,2,2
2026-04-01,000333,14:24:30,76.6300,98,2
2026-04-01,000333,14:24:33,76.6600,30,1
2026-04-01,000333,14:24:36,76.6600,42,2
2026-04-01,000333,14:24:39,76.6600,9,2
2026-04-01,000333,14:24:42,76.6600,20,2
2026-04-01,000333,14:24:45,76.6500,47,2
2026-04-01,000333,14:24:48,76.6600,26,1
2026-04-01,000333,14:24:51,76.6600,2,1
2026-04-01,000333,14:24:54,76.6600,7,1
2026-04-01,000333,14:24:57,76.6600,1,1
2026-04-01,000333,14:25:00,76.6500,3,2
2026-04-01,000333,14:25:03,76.6700,71,1
2026-04-01,000333,14:25:06,76.6700,20,2
2026-04-01,000333,14:25:09,76.6700,5,2
2026-04-01,000333,14:25:12,76.6800,13,1
2026-04-01,000333,14:25:15,76.6800,28,1
2026-04-01,000333,14:25:18,76.6800,7,2
2026-04-01,000333,14:25:21,76.6800,1,2
2026-04-01,000333,14:25:24,76.6800,29,2
2026-04-01,000333,14:25:27,76.6900,89,1
2026-04-01,000333,14:25:30,76.6900,237,2
2026-04-01,000333,14:25:33,76.6800,46,2
2026-04-01,000333,14:25:36,76.6800,43,1
2026-04-01,000333,14:25:39,76.7000,47,1
2026-04-01,000333,14:25:42,76.6800,17,2
2026-04-01,000333,14:25:45,76.6700,29,2
2026-04-01,000333,14:25:48,76.6800,1,2
2026-04-01,000333,14:25:51,76.6800,62,2
2026-04-01,000333,14:25:54,76.6800,7,1
2026-04-01,000333,14:25:57,76.6700,4,2
2026-04-01,000333,14:26:00,76.6700,30,2
2026-04-01,000333,14:26:03,76.6600,73,2
2026-04-01,000333,14:26:06,76.6700,83,1
2026-04-01,000333,14:26:09,76.6700,75,4
2026-04-01,000333,14:26:12,76.6700,68,1
2026-04-01,000333,14:26:15,76.6700,18,1
2026-04-01,000333,14:26:18,76.6600,29,2
2026-04-01,000333,14:26:21,76.6600,7,2
2026-04-01,000333,14:26:24,76.6500,249,2
2026-04-01,000333,14:26:27,76.6500,2,4
2026-04-01,000333,14:26:30,76.6400,53,2
2026-04-01,000333,14:26:33,76.6600,12,1
2026-04-01,000333,14:26:36,76.6700,51,1
2026-04-01,000333,14:26:39,76.6500,2,2
2026-04-01,000333,14:26:42,76.6500,18,1
2026-04-01,000333,14:26:45,76.6600,24,1
2026-04-01,000333,14:26:48,76.6600,64,1
2026-04-01,000333,14:26:51,76.6800,8,1
2026-04-01,000333,14:26:54,76.6700,10,2
2026-04-01,000333,14:26:57,76.6800,35,1
2026-04-01,000333,14:27:00,76.6900,1,1
2026-04-01,000333,14:27:03,76.6800,23,2
2026-04-01,000333,14:27:06,76.6700,4,2
2026-04-01,000333,14:27:09,76.6700,13,2
2026-04-01,000333,14:27:12,76.6800,25,1
2026-04-01,000333,14:27:15,76.6700,18,2
2026-04-01,000333,14:27:18,76.6700,8,2
2026-04-01,000333,14:27:21,76.6800,3,1
2026-04-01,000333,14:27:24,76.6700,27,2
2026-04-01,000333,14:27:27,76.6700,18,2
2026-04-01,000333,14:27:30,76.6700,14,2
2026-04-01,000333,14:27:33,76.6700,11,2
2026-04-01,000333,14:27:36,76.6700,5,4
2026-04-01,000333,14:27:39,76.6700,72,1
2026-04-01,000333,14:27:42,76.6900,27,1
2026-04-01,000333,14:27:45,76.6900,34,1
2026-04-01,000333,14:27:48,76.6900,51,1
2026-04-01,000333,14:27:51,76.6900,21,2
2026-04-01,000333,14:27:54,76.6800,60,2
2026-04-01,000333,14:27:57,76.6800,33,2
2026-04-01,000333,14:28:00,76.6800,37,2
2026-04-01,000333,14:28:03,76.6600,60,2
2026-04-01,000333,14:28:06,76.6700,88,1
2026-04-01,000333,14:28:09,76.6700,19,1
2026-04-01,000333,14:28:12,76.6700,1,1
2026-04-01,000333,14:28:15,76.6700,52,1
2026-04-01,000333,14:28:18,76.6700,98,1
2026-04-01,000333,14:28:21,76.6900,64,1
2026-04-01,000333,14:28:24,76.6800,72,2
2026-04-01,000333,14:28:27,76.6700,97,2
2026-04-01,000333,14:28:30,76.6700,18,1
2026-04-01,000333,14:28:33,76.6700,593,1
2026-04-01,000333,14:28:36,76.6900,69,4
2026-04-01,000333,14:28:39,76.6800,42,2
2026-04-01,000333,14:28:42,76.7000,12,1
2026-04-01,000333,14:28:45,76.6900,28,4
2026-04-01,000333,14:28:48,76.6900,68,2
2026-04-01,000333,14:28:51,76.6900,2,2
2026-04-01,000333,14:28:54,76.7000,4,2
2026-04-01,000333,14:28:57,76.7000,2,2
2026-04-01,000333,14:29:00,76.7100,38,1
2026-04-01,000333,14:29:03,76.7000,36,2
2026-04-01,000333,14:29:06,76.6900,24,2
2026-04-01,000333,14:29:09,76.6900,44,2
2026-04-01,000333,14:29:12,76.7100,67,1
2026-04-01,000333,14:29:15,76.7100,34,1
2026-04-01,000333,14:29:18,76.7100,25,1
2026-04-01,000333,14:29:21,76.7100,3,1
2026-04-01,000333,14:29:24,76.7000,13,2
2026-04-01,000333,14:29:27,76.7000,20,2
2026-04-01,000333,14:29:30,76.7100,123,1
2026-04-01,000333,14:29:33,76.7100,40,2
2026-04-01,000333,14:29:36,76.6900,21,2
2026-04-01,000333,14:29:39,76.7000,3,1
2026-04-01,000333,14:29:42,76.7000,22,1
2026-04-01,000333,14:29:45,76.7000,72,1
2026-04-01,000333,14:29:48,76.7000,21,1
2026-04-01,000333,14:29:51,76.7000,28,2
2026-04-01,000333,14:29:54,76.7000,12,2
2026-04-01,000333,14:29:57,76.7100,1,1
2026-04-01,000333,14:30:00,76.7100,4,1
2026-04-01,000333,14:30:03,76.7100,132,1
2026-04-01,000333,14:30:06,76.7200,29,1
2026-04-01,000333,14:30:09,76.7100,5,2
2026-04-01,000333,14:30:12,76.7100,18,1
2026-04-01,000333,14:30:15,76.7100,4,1
2026-04-01,000333,14:30:18,76.7000,29,2
2026-04-01,000333,14:30:21,76.7000,4,2
2026-04-01,000333,14:30:24,76.7000,53,2
2026-04-01,000333,14:30:27,76.7000,22,2
2026-04-01,000333,14:30:30,76.7000,84,2
2026-04-01,000333,14:30:33,76.6900,54,2
2026-04-01,000333,14:30:36,76.6800,147,2
2026-04-01,000333,14:30:39,76.6800,129,2
2026-04-01,000333,14:30:42,76.6900,27,1
2026-04-01,000333,14:30:45,76.6700,267,2
2026-04-01,000333,14:30:48,76.7000,90,1
2026-04-01,000333,14:30:51,76.7100,18,1
2026-04-01,000333,14:30:54,76.7000,4,2
2026-04-01,000333,14:30:57,76.7100,62,1
2026-04-01,000333,14:31:00,76.7100,14,4
2026-04-01,000333,14:31:03,76.7100,140,1
2026-04-01,000333,14:31:06,76.6900,52,2
2026-04-01,000333,14:31:09,76.7000,2,1
2026-04-01,000333,14:31:12,76.7100,71,1
2026-04-01,000333,14:31:15,76.7100,31,1
2026-04-01,000333,14:31:18,76.7100,20,2
2026-04-01,000333,14:31:21,76.7200,8,1
2026-04-01,000333,14:31:24,76.7000,8,2
2026-04-01,000333,14:31:27,76.7000,119,2
2026-04-01,000333,14:31:33,76.7000,14,2
2026-04-01,000333,14:31:36,76.7000,13,2
2026-04-01,000333,14:31:39,76.7000,14,2
2026-04-01,000333,14:31:42,76.7200,16,1
2026-04-01,000333,14:31:48,76.7100,11,2
2026-04-01,000333,14:31:51,76.7200,1,1
2026-04-01,000333,14:31:54,76.7100,22,2
2026-04-01,000333,14:31:57,76.7200,4,1
2026-04-01,000333,14:32:00,76.7200,1,1
2026-04-01,000333,14:32:03,76.7100,136,2
2026-04-01,000333,14:32:06,76.6900,223,2
2026-04-01,000333,14:32:09,76.7100,1,1
2026-04-01,000333,14:32:12,76.7000,15,2
2026-04-01,000333,14:32:15,76.7200,28,1
2026-04-01,000333,14:32:18,76.7100,4,2
2026-04-01,000333,14:32:21,76.7200,7,1
2026-04-01,000333,14:32:24,76.7100,14,2
2026-04-01,000333,14:32:27,76.7200,22,1
2026-04-01,000333,14:32:30,76.7100,84,2
2026-04-01,000333,14:32:33,76.7100,14,2
2026-04-01,000333,14:32:36,76.7100,16,1
2026-04-01,000333,14:32:39,76.6900,143,2
2026-04-01,000333,14:32:42,76.6900,22,1
2026-04-01,000333,14:32:45,76.7000,23,1
2026-04-01,000333,14:32:48,76.6900,187,2
2026-04-01,000333,14:32:54,76.6700,36,2
2026-04-01,000333,14:32:57,76.6900,182,1
2026-04-01,000333,14:33:00,76.6600,97,2
2026-04-01,000333,14:33:03,76.6600,63,2
2026-04-01,000333,14:33:06,76.7000,271,1
2026-04-01,000333,14:33:09,76.6900,39,4
2026-04-01,000333,14:33:12,76.7100,10,1
2026-04-01,000333,14:33:15,76.7100,16,1
2026-04-01,000333,14:33:18,76.7200,74,1
2026-04-01,000333,14:33:21,76.7300,43,1
2026-04-01,000333,14:33:24,76.7200,11,2
2026-04-01,000333,14:33:27,76.7200,38,2
2026-04-01,000333,14:33:30,76.7200,17,2
2026-04-01,000333,14:33:33,76.7400,43,1
2026-04-01,000333,14:33:36,76.7500,8,1
2026-04-01,000333,14:33:39,76.7400,8,2
2026-04-01,000333,14:33:42,76.7400,50,2
2026-04-01,000333,14:33:45,76.7500,4,1
2026-04-01,000333,14:33:48,76.7400,10,2
2026-04-01,000333,14:33:51,76.7500,5,1
2026-04-01,000333,14:33:54,76.7300,58,2
2026-04-01,000333,14:33:57,76.7300,134,2
2026-04-01,000333,14:34:00,76.7200,44,2
2026-04-01,000333,14:34:03,76.7200,150,2
2026-04-01,000333,14:34:06,76.7300,1,4
2026-04-01,000333,14:34:09,76.7300,3,2
2026-04-01,000333,14:34:12,76.7400,12,1
2026-04-01,000333,14:34:15,76.7400,16,1
2026-04-01,000333,14:34:18,76.7400,36,1
2026-04-01,000333,14:34:21,76.7300,67,2
2026-04-01,000333,14:34:24,76.7300,9,2
2026-04-01,000333,14:34:27,76.7300,33,1
2026-04-01,000333,14:34:30,76.7300,16,1
2026-04-01,000333,14:34:33,76.7400,68,1
2026-04-01,000333,14:34:36,76.7300,3,2
2026-04-01,000333,14:34:39,76.7300,54,2
2026-04-01,000333,14:34:42,76.7300,55,4
2026-04-01,000333,14:34:45,76.7300,32,1
2026-04-01,000333,14:34:48,76.7300,12,2
2026-04-01,000333,14:34:51,76.7400,34,1
2026-04-01,000333,14:34:54,76.7400,3,1
2026-04-01,000333,14:34:57,76.7400,3,1
2026-04-01,000333,14:35:00,76.7400,30,1
2026-04-01,000333,14:35:03,76.7400,35,1
2026-04-01,000333,14:35:06,76.7500,22,1
2026-04-01,000333,14:35:09,76.7500,9,1
2026-04-01,000333,14:35:12,76.7500,29,1
2026-04-01,000333,14:35:15,76.7400,23,2
2026-04-01,000333,14:35:18,76.7500,96,1
2026-04-01,000333,14:35:21,76.7500,37,2
2026-04-01,000333,14:35:24,76.7700,43,1
2026-04-01,000333,14:35:27,76.7700,20,1
2026-04-01,000333,14:35:30,76.7600,171,2
2026-04-01,000333,14:35:33,76.7500,43,2
2026-04-01,000333,14:35:36,76.7400,21,2
2026-04-01,000333,14:35:39,76.7500,35,1
2026-04-01,000333,14:35:42,76.7500,28,2
2026-04-01,000333,14:35:45,76.7500,4,2
2026-04-01,000333,14:35:48,76.7500,88,2
2026-04-01,000333,14:35:51,76.7300,42,2
2026-04-01,000333,14:35:54,76.7300,59,4
2026-04-01,000333,14:35:57,76.7100,96,2
2026-04-01,000333,14:36:00,76.7300,22,1
2026-04-01,000333,14:36:03,76.7300,52,1
2026-04-01,000333,14:36:06,76.7200,17,1
2026-04-01,000333,14:36:09,76.7100,51,2
2026-04-01,000333,14:36:12,76.7200,13,1
2026-04-01,000333,14:36:15,76.7100,7,2
2026-04-01,000333,14:36:18,76.7100,74,2
2026-04-01,000333,14:36:21,76.7300,12,1
2026-04-01,000333,14:36:24,76.7300,14,1
2026-04-01,000333,14:36:27,76.7300,14,1
2026-04-01,000333,14:36:30,76.7300,16,1
2026-04-01,000333,14:36:33,76.7300,22,2
2026-04-01,000333,14:36:36,76.7300,123,2
2026-04-01,000333,14:36:39,76.7300,38,2
2026-04-01,000333,14:36:42,76.7400,16,1
2026-04-01,000333,14:36:45,76.7400,13,1
2026-04-01,000333,14:36:48,76.7400,11,1
2026-04-01,000333,14:36:51,76.7400,39,2
2026-04-01,000333,14:36:54,76.7500,15,1
2026-04-01,000333,14:36:57,76.7500,14,1
2026-04-01,000333,14:37:00,76.7400,20,2
2026-04-01,000333,14:37:03,76.7300,225,2
2026-04-01,000333,14:37:06,76.7300,39,2
2026-04-01,000333,14:37:09,76.7300,27,2
2026-04-01,000333,14:37:12,76.7300,33,1
2026-04-01,000333,14:37:15,76.7200,24,2
2026-04-01,000333,14:37:18,76.7300,59,1
2026-04-01,000333,14:37:21,76.7300,32,2
2026-04-01,000333,14:37:24,76.7300,48,2
2026-04-01,000333,14:37:27,76.7300,34,2
2026-04-01,000333,14:37:30,76.7300,534,2
2026-04-01,000333,14:37:33,76.7200,5,1
2026-04-01,000333,14:37:36,76.7100,65,2
2026-04-01,000333,14:37:39,76.7200,35,1
2026-04-01,000333,14:37:42,76.7100,22,2
2026-04-01,000333,14:37:45,76.7100,3,4
2026-04-01,000333,14:37:48,76.7100,17,1
2026-04-01,000333,14:37:51,76.7200,3,1
2026-04-01,000333,14:37:54,76.7100,3,2
2026-04-01,000333,14:37:57,76.7200,12,1
2026-04-01,000333,14:38:00,76.7200,11,1
2026-04-01,000333,14:38:03,76.7200,55,2
2026-04-01,000333,14:38:06,76.7300,10,1
2026-04-01,000333,14:38:09,76.7300,35,1
2026-04-01,000333,14:38:12,76.7400,14,1
2026-04-01,000333,14:38:15,76.7500,68,1
2026-04-01,000333,14:38:18,76.7500,14,1
2026-04-01,000333,14:38:21,76.7500,10,1
2026-04-01,000333,14:38:24,76.7400,13,2
2026-04-01,000333,14:38:27,76.7500,33,1
2026-04-01,000333,14:38:30,76.7400,32,2
2026-04-01,000333,14:38:33,76.7300,244,2
2026-04-01,000333,14:38:36,76.7200,71,2
2026-04-01,000333,14:38:39,76.7300,45,1
2026-04-01,000333,14:38:42,76.7200,67,2
2026-04-01,000333,14:38:45,76.7200,22,1
2026-04-01,000333,14:38:48,76.7100,42,2
2026-04-01,000333,14:38:51,76.7300,7,1
2026-04-01,000333,14:38:54,76.7200,29,2
2026-04-01,000333,14:38:57,76.7000,113,2
2026-04-01,000333,14:39:00,76.7000,6,2
2026-04-01,000333,14:39:03,76.7100,68,1
2026-04-01,000333,14:39:06,76.7200,20,1
2026-04-01,000333,14:39:09,76.7200,10,1
2026-04-01,000333,14:39:12,76.7200,21,2
2026-04-01,000333,14:39:15,76.7300,60,1
2026-04-01,000333,14:39:18,76.7200,19,2
2026-04-01,000333,14:39:21,76.7300,4,1
2026-04-01,000333,14:39:24,76.7200,12,2
2026-04-01,000333,14:39:27,76.7200,20,2
2026-04-01,000333,14:39:30,76.7200,48,2
2026-04-01,000333,14:39:33,76.7100,48,2
2026-04-01,000333,14:39:36,76.7100,11,2
2026-04-01,000333,14:39:39,76.7100,5,2
2026-04-01,000333,14:39:42,76.7200,14,1
2026-04-01,000333,14:39:45,76.7200,42,1
2026-04-01,000333,14:39:48,76.7200,36,2
2026-04-01,000333,14:39:51,76.7300,1,1
2026-04-01,000333,14:39:54,76.7200,7,2
2026-04-01,000333,14:39:57,76.7200,12,2
2026-04-01,000333,14:40:00,76.7200,25,2
2026-04-01,000333,14:40:03,76.7000,61,2
2026-04-01,000333,14:40:06,76.7000,30,2
2026-04-01,000333,14:40:09,76.7100,40,1
2026-04-01,000333,14:40:12,76.7000,98,2
2026-04-01,000333,14:40:15,76.6900,104,2
2026-04-01,000333,14:40:18,76.7000,36,1
2026-04-01,000333,14:40:21,76.6900,61,2
2026-04-01,000333,14:40:24,76.6900,65,2
2026-04-01,000333,14:40:27,76.7000,61,1
2026-04-01,000333,14:40:30,76.7000,31,2
2026-04-01,000333,14:40:33,76.7100,65,1
2026-04-01,000333,14:40:36,76.7000,48,2
2026-04-01,000333,14:40:39,76.7000,24,1
2026-04-01,000333,14:40:42,76.7000,47,1
2026-04-01,000333,14:40:45,76.7000,1,1
2026-04-01,000333,14:40:48,76.7000,29,1
2026-04-01,000333,14:40:51,76.7000,12,1
2026-04-01,000333,14:40:54,76.6900,12,2
2026-04-01,000333,14:40:57,76.6900,80,2
2026-04-01,000333,14:41:00,76.7000,124,1
2026-04-01,000333,14:41:03,76.7000,87,1
2026-04-01,000333,14:41:06,76.6900,98,2
2026-04-01,000333,14:41:09,76.7000,78,4
2026-04-01,000333,14:41:12,76.7100,35,1
2026-04-01,000333,14:41:15,76.7100,54,1
2026-04-01,000333,14:41:18,76.7300,74,1
2026-04-01,000333,14:41:21,76.7300,70,2
2026-04-01,000333,14:41:24,76.7300,24,2
2026-04-01,000333,14:41:27,76.7200,30,2
2026-04-01,000333,14:41:30,76.7300,11,1
2026-04-01,000333,14:41:33,76.7300,38,1
2026-04-01,000333,14:41:36,76.7300,24,2
2026-04-01,000333,14:41:39,76.7300,94,2
2026-04-01,000333,14:41:42,76.7500,29,1
2026-04-01,000333,14:41:45,76.7300,42,2
2026-04-01,000333,14:41:48,76.7400,46,2
2026-04-01,000333,14:41:51,76.7400,31,2
2026-04-01,000333,14:41:54,76.7400,11,1
2026-04-01,000333,14:41:57,76.7300,77,2
2026-04-01,000333,14:42:00,76.7200,14,2
2026-04-01,000333,14:42:03,76.7300,105,1
2026-04-01,000333,14:42:06,76.7200,11,4
2026-04-01,000333,14:42:09,76.7300,12,1
2026-04-01,000333,14:42:12,76.7300,40,1
2026-04-01,000333,14:42:15,76.7200,57,2
2026-04-01,000333,14:42:18,76.7300,22,1
2026-04-01,000333,14:42:21,76.7300,4,1
2026-04-01,000333,14:42:24,76.7200,2,2
2026-04-01,000333,14:42:27,76.7300,16,1
2026-04-01,000333,14:42:30,76.7300,23,1
2026-04-01,000333,14:42:33,76.7300,15,1
2026-04-01,000333,14:42:36,76.7200,2,1
2026-04-01,000333,14:42:39,76.7200,1,1
2026-04-01,000333,14:42:42,76.7200,4,1
2026-04-01,000333,14:42:45,76.7200,53,1
2026-04-01,000333,14:42:48,76.7200,47,1
2026-04-01,000333,14:42:51,76.7300,27,1
2026-04-01,000333,14:42:54,76.7300,7,1
2026-04-01,000333,14:42:57,76.7300,29,1
2026-04-01,000333,14:43:00,76.7200,28,2
2026-04-01,000333,14:43:03,76.7200,150,2
2026-04-01,000333,14:43:06,76.7200,21,1
2026-04-01,000333,14:43:09,76.7200,6,1
2026-04-01,000333,14:43:12,76.7200,21,1
2026-04-01,000333,14:43:15,76.7200,32,1
2026-04-01,000333,14:43:18,76.7200,44,2
2026-04-01,000333,14:43:21,76.7200,13,1
2026-04-01,000333,14:43:24,76.7100,44,2
2026-04-01,000333,14:43:27,76.7100,10,1
2026-04-01,000333,14:43:30,76.7100,33,1
2026-04-01,000333,14:43:33,76.7000,19,2
2026-04-01,000333,14:43:39,76.7000,75,2
2026-04-01,000333,14:43:42,76.7100,209,1
2026-04-01,000333,14:43:45,76.7000,50,2
2026-04-01,000333,14:43:48,76.7000,75,2
2026-04-01,000333,14:43:51,76.7100,13,1
2026-04-01,000333,14:43:54,76.7000,21,2
2026-04-01,000333,14:43:57,76.7100,47,1
2026-04-01,000333,14:44:00,76.7100,20,2
2026-04-01,000333,14:44:03,76.7100,185,2
2026-04-01,000333,14:44:06,76.7000,23,2
2026-04-01,000333,14:44:09,76.7000,21,2
2026-04-01,000333,14:44:12,76.7000,88,1
2026-04-01,000333,14:44:15,76.6900,44,2
2026-04-01,000333,14:44:18,76.6800,130,2
2026-04-01,000333,14:44:21,76.6800,69,2
2026-04-01,000333,14:44:24,76.6900,2,1
2026-04-01,000333,14:44:27,76.6900,69,1
2026-04-01,000333,14:44:30,76.6800,66,2
2026-04-01,000333,14:44:33,76.6900,31,1
2026-04-01,000333,14:44:36,76.6700,24,2
2026-04-01,000333,14:44:39,76.6700,20,2
2026-04-01,000333,14:44:42,76.6800,15,1
2026-04-01,000333,14:44:45,76.6800,31,1
2026-04-01,000333,14:44:48,76.6900,73,1
2026-04-01,000333,14:44:51,76.6900,43,1
2026-04-01,000333,14:44:54,76.6800,20,2
2026-04-01,000333,14:44:57,76.6900,9,1
2026-04-01,000333,14:45:00,76.6800,9,2
2026-04-01,000333,14:45:03,76.6800,141,2
2026-04-01,000333,14:45:06,76.6900,3,1
2026-04-01,000333,14:45:09,76.6800,40,2
2026-04-01,000333,14:45:12,76.6900,67,1
2026-04-01,000333,14:45:15,76.6800,65,2
2026-04-01,000333,14:45:18,76.7000,77,1
2026-04-01,000333,14:45:21,76.6900,100,2
2026-04-01,000333,14:45:24,76.7000,73,1
2026-04-01,000333,14:45:27,76.7000,23,2
2026-04-01,000333,14:45:30,76.7000,41,2
2026-04-01,000333,14:45:33,76.7000,30,2
2026-04-01,000333,14:45:36,76.7100,26,1
2026-04-01,000333,14:45:39,76.6900,32,2
2026-04-01,000333,14:45:42,76.6900,38,2
2026-04-01,000333,14:45:45,76.6900,23,1
2026-04-01,000333,14:45:48,76.6900,21,1
2026-04-01,000333,14:45:51,76.6900,50,2
2026-04-01,000333,14:45:54,76.7000,105,1
2026-04-01,000333,14:45:57,76.6900,33,2
2026-04-01,000333,14:46:00,76.7000,44,1
2026-04-01,000333,14:46:03,76.7000,248,1
2026-04-01,000333,14:46:06,76.7000,71,1
2026-04-01,000333,14:46:09,76.7100,25,1
2026-04-01,000333,14:46:12,76.7100,20,1
2026-04-01,000333,14:46:15,76.7100,13,1
2026-04-01,000333,14:46:18,76.7000,43,2
2026-04-01,000333,14:46:21,76.7000,123,2
2026-04-01,000333,14:46:24,76.7100,227,1
2026-04-01,000333,14:46:27,76.7000,21,4
2026-04-01,000333,14:46:30,76.7200,86,1
2026-04-01,000333,14:46:33,76.7200,120,1
2026-04-01,000333,14:46:36,76.7100,83,2
2026-04-01,000333,14:46:39,76.7100,13,1
2026-04-01,000333,14:46:42,76.7100,35,1
2026-04-01,000333,14:46:45,76.7100,4,1
2026-04-01,000333,14:46:48,76.7100,102,1
2026-04-01,000333,14:46:51,76.7000,78,2
2026-04-01,000333,14:46:54,76.7100,23,1
2026-04-01,000333,14:46:57,76.7100,34,1
2026-04-01,000333,14:47:00,76.7000,9,2
2026-04-01,000333,14:47:03,76.6900,51,2
2026-04-01,000333,14:47:06,76.6900,28,2
2026-04-01,000333,14:47:09,76.6900,184,2
2026-04-01,000333,14:47:12,76.6900,12,4
2026-04-01,000333,14:47:15,76.6900,3,2
2026-04-01,000333,14:47:18,76.7000,41,1
2026-04-01,000333,14:47:21,76.7000,20,1
2026-04-01,000333,14:47:24,76.7000,26,1
2026-04-01,000333,14:47:27,76.7000,8,1
2026-04-01,000333,14:47:30,76.6900,21,2
2026-04-01,000333,14:47:33,76.6900,18,2
2026-04-01,000333,14:47:36,76.7000,23,1
2026-04-01,000333,14:47:39,76.7000,9,1
2026-04-01,000333,14:47:42,76.7000,82,1
2026-04-01,000333,14:47:45,76.7000,67,1
2026-04-01,000333,14:47:48,76.6900,3,2
2026-04-01,000333,14:47:51,76.7000,49,1
2026-04-01,000333,14:47:54,76.7000,5,1
2026-04-01,000333,14:47:57,76.6900,18,2
2026-04-01,000333,14:48:00,76.7000,41,1
2026-04-01,000333,14:48:03,76.7000,51,1
2026-04-01,000333,14:48:06,76.6900,52,2
2026-04-01,000333,14:48:09,76.6900,99,2
2026-04-01,000333,14:48:12,76.7000,64,1
2026-04-01,000333,14:48:15,76.6900,15,4
2026-04-01,000333,14:48:18,76.7000,21,1
2026-04-01,000333,14:48:21,76.6900,25,2
2026-04-01,000333,14:48:24,76.6900,43,2
2026-04-01,000333,14:48:27,76.7000,36,1
2026-04-01,000333,14:48:30,76.7000,77,1
2026-04-01,000333,14:48:33,76.7100,14,1
2026-04-01,000333,14:48:36,76.7100,22,1
2026-04-01,000333,14:48:39,76.7100,15,1
2026-04-01,000333,14:48:42,76.7100,39,1
2026-04-01,000333,14:48:45,76.7000,120,2
2026-04-01,000333,14:48:48,76.7000,29,2
2026-04-01,000333,14:48:51,76.7000,12,2
2026-04-01,000333,14:48:54,76.7000,34,2
2026-04-01,000333,14:48:57,76.7000,51,2
2026-04-01,000333,14:49:00,76.7100,9,1
2026-04-01,000333,14:49:03,76.7100,30,1
2026-04-01,000333,14:49:06,76.7000,25,2
2026-04-01,000333,14:49:09,76.7000,154,2
2026-04-01,000333,14:49:12,76.7000,16,1
2026-04-01,000333,14:49:15,76.7000,29,1
2026-04-01,000333,14:49:18,76.6900,53,2
2026-04-01,000333,14:49:21,76.6900,7,2
2026-04-01,000333,14:49:24,76.7000,50,1
2026-04-01,000333,14:49:27,76.6800,40,2
2026-04-01,000333,14:49:30,76.6800,59,2
2026-04-01,000333,14:49:33,76.7000,119,1
2026-04-01,000333,14:49:36,76.7100,13,1
2026-04-01,000333,14:49:39,76.6900,35,4
2026-04-01,000333,14:49:42,76.6900,26,2
2026-04-01,000333,14:49:45,76.6800,22,2
2026-04-01,000333,14:49:48,76.6800,8,2
2026-04-01,000333,14:49:51,76.6800,85,2
2026-04-01,000333,14:49:54,76.6800,35,2
2026-04-01,000333,14:49:57,76.6700,152,2
2026-04-01,000333,14:50:00,76.6800,60,1
2026-04-01,000333,14:50:03,76.6700,81,2
2026-04-01,000333,14:50:06,76.6900,93,1
2026-04-01,000333,14:50:09,76.6900,125,1
2026-04-01,000333,14:50:12,76.7100,56,1
2026-04-01,000333,14:50:15,76.6800,103,2
2026-04-01,000333,14:50:18,76.6700,18,2
2026-04-01,000333,14:50:21,76.7000,12,1
2026-04-01,000333,14:50:24,76.6800,26,2
2026-04-01,000333,14:50:27,76.6800,38,2
2026-04-01,000333,14:50:30,76.6900,10,1
2026-04-01,000333,14:50:33,76.7000,121,1
2026-04-01,000333,14:50:36,76.7100,77,1
2026-04-01,000333,14:50:39,76.6900,42,2
2026-04-01,000333,14:50:42,76.7200,26,1
2026-04-01,000333,14:50:45,76.6900,37,2
2026-04-01,000333,14:50:48,76.6900,27,2
2026-04-01,000333,14:50:51,76.6900,18,2
2026-04-01,000333,14:50:54,76.6900,102,2
2026-04-01,000333,14:50:57,76.7100,73,1
2026-04-01,000333,14:51:00,76.7100,150,1
2026-04-01,000333,14:51:03,76.7000,47,2
2026-04-01,000333,14:51:06,76.6800,55,2
2026-04-01,000333,14:51:09,76.6800,25,2
2026-04-01,000333,14:51:12,76.7000,116,1
2026-04-01,000333,14:51:15,76.6900,127,2
2026-04-01,000333,14:51:18,76.6900,14,1
2026-04-01,000333,14:51:21,76.6900,107,1
2026-04-01,000333,14:51:24,76.6800,12,4
2026-04-01,000333,14:51:27,76.6800,2,2
2026-04-01,000333,14:51:30,76.6800,100,2
2026-04-01,000333,14:51:33,76.6700,29,2
2026-04-01,000333,14:51:36,76.6800,49,1
2026-04-01,000333,14:51:39,76.6800,50,1
2026-04-01,000333,14:51:42,76.6600,16,2
2026-04-01,000333,14:51:45,76.6700,19,4
2026-04-01,000333,14:51:48,76.6700,24,2
2026-04-01,000333,14:51:54,76.6800,18,1
2026-04-01,000333,14:51:57,76.6800,25,1
2026-04-01,000333,14:52:00,76.6900,59,1
2026-04-01,000333,14:52:03,76.6900,364,1
2026-04-01,000333,14:52:06,76.6800,77,4
2026-04-01,000333,14:52:09,76.6800,24,2
2026-04-01,000333,14:52:12,76.6800,45,2
2026-04-01,000333,14:52:15,76.6800,40,2
2026-04-01,000333,14:52:18,76.6800,8,2
2026-04-01,000333,14:52:21,76.6800,21,2
2026-04-01,000333,14:52:24,76.6900,31,1
2026-04-01,000333,14:52:27,76.6900,110,1
2026-04-01,000333,14:52:30,76.6900,22,1
2026-04-01,000333,14:52:33,76.6800,25,2
2026-04-01,000333,14:52:36,76.6800,33,2
2026-04-01,000333,14:52:39,76.6800,16,1
2026-04-01,000333,14:52:42,76.6900,70,1
2026-04-01,000333,14:52:45,76.6900,125,4
2026-04-01,000333,14:52:48,76.6900,30,1
2026-04-01,000333,14:52:51,76.6700,379,2
2026-04-01,000333,14:52:54,76.6800,29,1
2026-04-01,000333,14:52:57,76.6800,44,4
2026-04-01,000333,14:53:00,76.6800,17,2
2026-04-01,000333,14:53:03,76.6800,83,2
2026-04-01,000333,14:53:06,76.6800,53,2
2026-04-01,000333,14:53:09,76.6800,26,1
2026-04-01,000333,14:53:12,76.6800,40,1
2026-04-01,000333,14:53:15,76.6700,30,2
2026-04-01,000333,14:53:18,76.6700,32,2
2026-04-01,000333,14:53:21,76.6800,55,1
2026-04-01,000333,14:53:24,76.6800,19,1
2026-04-01,000333,14:53:27,76.6800,103,1
2026-04-01,000333,14:53:30,76.6900,40,1
2026-04-01,000333,14:53:33,76.6900,37,1
2026-04-01,000333,14:53:36,76.6700,4,2
2026-04-01,000333,14:53:39,76.6700,126,2
2026-04-01,000333,14:53:42,76.6800,51,1
2026-04-01,000333,14:53:45,76.6800,49,1
2026-04-01,000333,14:53:48,76.6700,27,2
2026-04-01,000333,14:53:51,76.6700,29,2
2026-04-01,000333,14:53:54,76.6700,20,2
2026-04-01,000333,14:53:57,76.6700,81,2
2026-04-01,000333,14:54:00,76.6700,21,2
2026-04-01,000333,14:54:03,76.6800,83,1
2026-04-01,000333,14:54:06,76.6800,42,1
2026-04-01,000333,14:54:09,76.6700,176,2
2026-04-01,000333,14:54:12,76.6800,44,1
2026-04-01,000333,14:54:15,76.6800,79,1
2026-04-01,000333,14:54:18,76.6700,49,1
2026-04-01,000333,14:54:21,76.6700,67,2
2026-04-01,000333,14:54:24,76.6800,260,1
2026-04-01,000333,14:54:27,76.6800,250,4
2026-04-01,000333,14:54:30,76.7000,63,1
2026-04-01,000333,14:54:33,76.7100,31,1
2026-04-01,000333,14:54:36,76.7100,31,1
2026-04-01,000333,14:54:39,76.7000,58,2
2026-04-01,000333,14:54:42,76.6900,37,2
2026-04-01,000333,14:54:45,76.6800,137,2
2026-04-01,000333,14:54:48,76.6800,78,2
2026-04-01,000333,14:54:51,76.6700,242,2
2026-04-01,000333,14:54:54,76.6900,157,1
2026-04-01,000333,14:54:57,76.7100,319,1
2026-04-01,000333,14:55:00,76.7100,130,4
2026-04-01,000333,14:55:03,76.7100,149,1
2026-04-01,000333,14:55:06,76.7200,114,2
2026-04-01,000333,14:55:09,76.7300,255,1
2026-04-01,000333,14:55:12,76.7600,215,1
2026-04-01,000333,14:55:15,76.7800,287,1
2026-04-01,000333,14:55:18,76.8000,78,1
2026-04-01,000333,14:55:21,76.8100,227,1
2026-04-01,000333,14:55:24,76.8000,120,2
2026-04-01,000333,14:55:27,76.8200,89,1
2026-04-01,000333,14:55:30,76.8200,85,1
2026-04-01,000333,14:55:33,76.8400,69,1
2026-04-01,000333,14:55:36,76.8500,81,1
2026-04-01,000333,14:55:39,76.8200,225,2
2026-04-01,000333,14:55:42,76.8100,293,2
2026-04-01,000333,14:55:45,76.8400,122,1
2026-04-01,000333,14:55:48,76.8000,148,2
2026-04-01,000333,14:55:51,76.8200,56,1
2026-04-01,000333,14:55:54,76.8200,83,1
2026-04-01,000333,14:55:57,76.8300,54,1
2026-04-01,000333,14:56:00,76.8400,155,1
2026-04-01,000333,14:56:03,76.8200,156,2
2026-04-01,000333,14:56:06,76.8200,38,2
2026-04-01,000333,14:56:09,76.8100,32,2
2026-04-01,000333,14:56:12,76.7800,463,2
2026-04-01,000333,14:56:15,76.7600,48,2
2026-04-01,000333,14:56:18,76.7400,58,2
2026-04-01,000333,14:56:21,76.7700,77,1
2026-04-01,000333,14:56:24,76.7700,23,1
2026-04-01,000333,14:56:27,76.7700,100,1
2026-04-01,000333,14:56:30,76.7700,60,1
2026-04-01,000333,14:56:33,76.7800,16,1
2026-04-01,000333,14:56:36,76.7700,95,2
2026-04-01,000333,14:56:39,76.7700,25,2
2026-04-01,000333,14:56:42,76.7700,25,2
2026-04-01,000333,14:56:45,76.7700,106,2
2026-04-01,000333,14:56:48,76.7700,26,2
2026-04-01,000333,14:56:51,76.7600,28,2
2026-04-01,000333,14:56:54,76.7600,29,2
2026-04-01,000333,14:56:57,76.7700,173,1
2026-04-01,000333,14:57:00,76.6700,215,2
2026-04-01,000333,15:00:00,76.8400,4525,4
2026-04-01,000333,13:15:45,76.7100,38,2
2026-04-01,000333,13:15:48,76.7300,210,1
2026-04-01,000333,13:15:51,76.7400,41,1
2026-04-01,000333,13:15:54,76.7400,48,1
2026-04-01,000333,13:15:57,76.7400,26,1
2026-04-01,000333,13:16:00,76.7500,70,1
2026-04-01,000333,13:16:03,76.7600,8,1
2026-04-01,000333,13:16:09,76.7600,11,1
2026-04-01,000333,13:16:12,76.7600,42,1
2026-04-01,000333,13:16:15,76.7600,21,1
2026-04-01,000333,13:16:18,76.7600,47,1
2026-04-01,000333,13:16:21,76.7500,62,2
2026-04-01,000333,13:16:24,76.7500,5,1
2026-04-01,000333,13:16:27,76.7500,69,1
2026-04-01,000333,13:16:30,76.7300,27,2
2026-04-01,000333,13:16:33,76.7200,46,2
2026-04-01,000333,13:16:36,76.7100,38,2
2026-04-01,000333,13:16:39,76.7000,8,2
2026-04-01,000333,13:16:42,76.7100,52,1
2026-04-01,000333,13:16:45,76.7000,29,4
2026-04-01,000333,13:16:48,76.7000,14,1
2026-04-01,000333,13:16:51,76.6900,12,2
2026-04-01,000333,13:16:54,76.7100,37,1
2026-04-01,000333,13:16:57,76.7100,21,2
2026-04-01,000333,13:17:00,76.7200,66,1
2026-04-01,000333,13:17:03,76.7100,5,2
2026-04-01,000333,13:17:06,76.7100,5,2
2026-04-01,000333,13:17:09,76.7100,15,2
2026-04-01,000333,13:17:12,76.7200,89,1
2026-04-01,000333,13:17:15,76.7300,4,1
2026-04-01,000333,13:17:18,76.7200,2,2
2026-04-01,000333,13:17:21,76.7200,5,2
2026-04-01,000333,13:17:24,76.7200,27,2
2026-04-01,000333,13:17:27,76.7300,108,1
2026-04-01,000333,13:17:30,76.7300,31,2
2026-04-01,000333,13:17:33,76.7200,33,2
2026-04-01,000333,13:17:36,76.7200,14,1
2026-04-01,000333,13:17:39,76.7200,25,1
2026-04-01,000333,13:17:42,76.7100,102,2
2026-04-01,000333,13:17:45,76.7100,15,1
2026-04-01,000333,13:17:48,76.7000,84,2
2026-04-01,000333,13:17:51,76.7100,11,1
2026-04-01,000333,13:17:54,76.7100,45,2
2026-04-01,000333,13:17:57,76.7200,28,1
2026-04-01,000333,13:18:00,76.7000,39,2
2026-04-01,000333,13:18:03,76.7200,9,1
2026-04-01,000333,13:18:06,76.7300,115,1
2026-04-01,000333,13:18:09,76.7200,265,2
2026-04-01,000333,13:18:12,76.7400,69,1
2026-04-01,000333,13:18:15,76.7300,12,2
2026-04-01,000333,13:18:18,76.7500,367,1
2026-04-01,000333,13:18:21,76.7500,101,1
2026-04-01,000333,13:18:24,76.7500,100,1
2026-04-01,000333,13:18:27,76.7600,3,2
2026-04-01,000333,13:18:30,76.7600,36,2
2026-04-01,000333,13:18:33,76.7600,7,1
2026-04-01,000333,13:18:36,76.8000,124,1
2026-04-01,000333,13:18:39,76.8000,2,1
2026-04-01,000333,13:18:42,76.8000,41,1
2026-04-01,000333,13:18:45,76.7800,4,2
2026-04-01,000333,13:18:48,76.7800,55,2
2026-04-01,000333,13:18:51,76.8000,17,1
2026-04-01,000333,13:18:54,76.7900,10,4
2026-04-01,000333,13:18:57,76.8100,42,1
2026-04-01,000333,13:19:00,76.8000,21,2
2026-04-01,000333,13:19:03,76.7900,24,2
2026-04-01,000333,13:19:09,76.8000,39,2
2026-04-01,000333,13:19:12,76.8000,19,2
2026-04-01,000333,13:19:15,76.8000,3,2
2026-04-01,000333,13:19:18,76.7900,44,2
2026-04-01,000333,13:19:21,76.8000,15,1
2026-04-01,000333,13:19:24,76.7900,32,2
2026-04-01,000333,13:19:27,76.7900,14,2
2026-04-01,000333,13:19:30,76.7900,41,2
2026-04-01,000333,13:19:33,76.7900,46,2
2026-04-01,000333,13:19:36,76.8000,34,1
2026-04-01,000333,13:19:39,76.8000,20,1
2026-04-01,000333,13:19:42,76.8000,15,1
2026-04-01,000333,13:19:45,76.7900,41,2
2026-04-01,000333,13:19:48,76.7900,91,2
2026-04-01,000333,13:19:51,76.7900,35,1
2026-04-01,000333,13:19:54,76.8000,81,1
2026-04-01,000333,13:19:57,76.8000,14,1
2026-04-01,000333,13:20:00,76.7900,6,2
2026-04-01,000333,13:20:03,76.8000,58,1
2026-04-01,000333,13:20:06,76.8000,11,1
2026-04-01,000333,13:20:09,76.8000,35,1
2026-04-01,000333,13:20:12,76.8000,39,1
2026-04-01,000333,13:20:15,76.8000,1,4
2026-04-01,000333,13:20:18,76.8000,12,2
2026-04-01,000333,13:20:21,76.8000,16,1
2026-04-01,000333,13:20:24,76.8000,2,1
2026-04-01,000333,13:20:27,76.8000,25,1
2026-04-01,000333,13:20:30,76.8000,19,1
2026-04-01,000333,13:20:33,76.8000,4,1
2026-04-01,000333,13:20:36,76.7900,9,2
2026-04-01,000333,13:20:39,76.8000,15,1
2026-04-01,000333,13:20:42,76.8100,25,1
2026-04-01,000333,13:20:45,76.8000,24,2
2026-04-01,000333,13:20:48,76.8100,9,1
2026-04-01,000333,13:20:51,76.8100,12,1
2026-04-01,000333,13:20:54,76.8100,6,1
2026-04-01,000333,13:20:57,76.8100,12,1
2026-04-01,000333,13:21:00,76.8000,7,2
2026-04-01,000333,13:21:03,76.8100,47,1
2026-04-01,000333,13:21:06,76.8100,12,1
2026-04-01,000333,13:21:09,76.8100,10,1
2026-04-01,000333,13:21:12,76.8100,22,1
2026-04-01,000333,13:21:15,76.8100,23,1
2026-04-01,000333,13:21:18,76.8100,19,1
2026-04-01,000333,13:21:21,76.8200,11,1
2026-04-01,000333,13:21:24,76.8200,5,1
2026-04-01,000333,13:21:27,76.8200,6,1
2026-04-01,000333,13:21:30,76.8100,100,2
2026-04-01,000333,13:21:33,76.8100,19,2
2026-04-01,000333,13:21:36,76.8200,8,1
2026-04-01,000333,13:21:39,76.8200,1,1
2026-04-01,000333,13:21:42,76.8200,27,1
2026-04-01,000333,13:21:45,76.8100,2,2
2026-04-01,000333,13:21:48,76.7800,364,2
2026-04-01,000333,13:21:51,76.7700,48,2
2026-04-01,000333,13:21:54,76.7700,14,2
2026-04-01,000333,13:21:57,76.7700,23,2
2026-04-01,000333,13:22:00,76.7700,19,2
2026-04-01,000333,13:22:03,76.7700,8,2
2026-04-01,000333,13:22:06,76.7700,9,2
2026-04-01,000333,13:22:09,76.7700,12,2
2026-04-01,000333,13:22:12,76.7800,18,1
2026-04-01,000333,13:22:15,76.7700,11,2
2026-04-01,000333,13:22:18,76.7700,14,2
2026-04-01,000333,13:22:21,76.7800,15,1
2026-04-01,000333,13:22:24,76.7700,14,2
2026-04-01,000333,13:22:27,76.7700,1,2
2026-04-01,000333,13:22:30,76.7800,3,1
2026-04-01,000333,13:22:33,76.7800,117,1
2026-04-01,000333,13:22:36,76.7700,15,2
2026-04-01,000333,13:22:39,76.7900,1,1
2026-04-01,000333,13:22:42,76.7900,19,1
2026-04-01,000333,13:22:45,76.7700,4,2
2026-04-01,000333,13:22:48,76.7800,21,1
2026-04-01,000333,13:22:51,76.7800,55,1
2026-04-01,000333,13:22:54,76.7700,20,4
2026-04-01,000333,13:22:57,76.7700,27,1
2026-04-01,000333,13:23:00,76.7700,28,1
2026-04-01,000333,13:23:03,76.7700,8,1
2026-04-01,000333,13:23:06,76.7400,225,2
2026-04-01,000333,13:23:09,76.7400,78,2
2026-04-01,000333,13:23:12,76.7400,38,1
2026-04-01,000333,13:23:15,76.7200,2,2
2026-04-01,000333,13:23:18,76.7300,23,1
2026-04-01,000333,13:23:21,76.7200,2,2
2026-04-01,000333,13:23:24,76.7200,5,2
2026-04-01,000333,13:23:27,76.7300,1,1
2026-04-01,000333,13:23:30,76.7200,31,2
2026-04-01,000333,13:23:33,76.7200,48,2
2026-04-01,000333,13:23:36,76.7200,17,2
2026-04-01,000333,13:23:39,76.7200,34,1
2026-04-01,000333,13:23:42,76.7200,5,2
2026-04-01,000333,13:23:45,76.7200,376,2
2026-04-01,000333,13:23:48,76.7100,7,2
2026-04-01,000333,13:23:51,76.7100,31,2
2026-04-01,000333,13:23:54,76.7200,11,1
2026-04-01,000333,13:23:57,76.7200,9,2
2026-04-01,000333,13:24:00,76.7300,1,1
2026-04-01,000333,13:24:03,76.7400,45,1
2026-04-01,000333,13:24:06,76.7400,17,1
2026-04-01,000333,13:24:09,76.7400,10,1
2026-04-01,000333,13:24:12,76.7500,12,1
2026-04-01,000333,13:24:15,76.7400,25,2
2026-04-01,000333,13:24:18,76.7500,214,1
2026-04-01,000333,13:24:21,76.7400,16,1
2026-04-01,000333,13:24:24,76.7300,6,4
2026-04-01,000333,13:24:27,76.7200,22,2
2026-04-01,000333,13:24:30,76.7300,2,1
2026-04-01,000333,13:24:33,76.7200,38,2
2026-04-01,000333,13:24:36,76.7300,8,1
2026-04-01,000333,13:24:39,76.7200,2,2
2026-04-01,000333,13:24:42,76.7300,13,1
2026-04-01,000333,13:24:48,76.7200,229,2
2026-04-01,000333,13:24:51,76.7100,24,2
2026-04-01,000333,13:24:54,76.7200,279,1
2026-04-01,000333,13:24:57,76.7300,46,1
2026-04-01,000333,13:25:00,76.7500,38,1
2026-04-01,000333,13:25:03,76.7500,47,1
2026-04-01,000333,13:25:06,76.7600,8,1
2026-04-01,000333,13:25:09,76.7700,25,1
2026-04-01,000333,13:25:12,76.7800,6,1
2026-04-01,000333,13:25:15,76.7700,35,2
2026-04-01,000333,13:25:18,76.7800,96,1
2026-04-01,000333,13:25:21,76.7900,14,1
2026-04-01,000333,13:25:24,76.7600,110,2
2026-04-01,000333,13:25:27,76.7600,8,2
2026-04-01,000333,13:25:30,76.7600,54,2
2026-04-01,000333,13:25:33,76.7500,61,2
2026-04-01,000333,13:25:36,76.7400,63,2
2026-04-01,000333,13:25:39,76.7400,11,2
2026-04-01,000333,13:25:42,76.7500,13,1
2026-04-01,000333,13:25:45,76.7600,9,1
2026-04-01,000333,13:25:48,76.7300,131,2
2026-04-01,000333,13:25:51,76.7300,33,1
2026-04-01,000333,13:25:54,76.7300,35,1
2026-04-01,000333,13:25:57,76.7200,93,2
2026-04-01,000333,13:26:00,76.7500,30,1
2026-04-01,000333,13:26:03,76.7400,13,4
2026-04-01,000333,13:26:06,76.7600,16,1
2026-04-01,000333,13:26:09,76.7600,24,1
2026-04-01,000333,13:26:12,76.7600,16,1
2026-04-01,000333,13:26:15,76.7600,34,1
2026-04-01,000333,13:26:18,76.7500,66,4
2026-04-01,000333,13:26:21,76.7600,6,1
2026-04-01,000333,13:26:24,76.7500,19,2
2026-04-01,000333,13:26:27,76.7500,28,1
2026-04-01,000333,13:26:30,76.7500,8,2
2026-04-01,000333,13:26:33,76.7500,47,2
2026-04-01,000333,13:26:36,76.7500,40,2
2026-04-01,000333,13:26:39,76.7400,28,2
2026-04-01,000333,13:26:42,76.7500,44,1
2026-04-01,000333,13:26:45,76.7500,2,2
2026-04-01,000333,13:26:48,76.7500,4,2
2026-04-01,000333,13:26:51,76.7500,15,2
2026-04-01,000333,13:26:54,76.7500,21,2
2026-04-01,000333,13:26:57,76.7500,35,1
2026-04-01,000333,13:27:00,76.7500,171,1
2026-04-01,000333,13:27:03,76.7500,19,2
2026-04-01,000333,13:27:06,76.7500,32,2
2026-04-01,000333,13:27:09,76.7500,31,2
2026-04-01,000333,13:27:12,76.7500,12,1
2026-04-01,000333,13:27:15,76.7300,55,2
2026-04-01,000333,13:27:18,76.7300,43,1
2026-04-01,000333,13:27:21,76.7300,5,1
2026-04-01,000333,13:27:24,76.7200,38,2
2026-04-01,000333,13:27:27,76.7300,18,1
2026-04-01,000333,13:27:30,76.7300,11,1
2026-04-01,000333,13:27:33,76.7300,173,1
2026-04-01,000333,13:27:36,76.7400,98,1
2026-04-01,000333,13:27:39,76.7400,75,1
2026-04-01,000333,13:27:42,76.7400,19,1
2026-04-01,000333,13:27:45,76.7400,11,1
2026-04-01,000333,13:27:48,76.7500,43,1
2026-04-01,000333,13:27:51,76.7600,6,1
2026-04-01,000333,13:27:54,76.7600,33,1
2026-04-01,000333,13:27:57,76.7500,62,2
2026-04-01,000333,13:28:00,76.7500,11,1
2026-04-01,000333,13:28:03,76.7500,72,1
2026-04-01,000333,13:28:06,76.7500,3,1
2026-04-01,000333,13:28:09,76.7500,52,1
2026-04-01,000333,13:28:12,76.7300,160,2
2026-04-01,000333,13:28:15,76.7200,181,2
2026-04-01,000333,13:28:18,76.7200,21,2
2026-04-01,000333,13:28:21,76.7300,7,4
2026-04-01,000333,13:28:24,76.7200,2,2
2026-04-01,000333,13:28:27,76.7300,5,1
2026-04-01,000333,13:28:30,76.7300,12,1
2026-04-01,000333,13:28:33,76.7200,5,2
2026-04-01,000333,13:28:36,76.7300,24,1
2026-04-01,000333,13:28:39,76.7200,3,2
2026-04-01,000333,13:28:42,76.7300,7,1
2026-04-01,000333,13:28:45,76.7300,5,1
2026-04-01,000333,13:28:48,76.7000,231,2
2026-04-01,000333,13:28:51,76.7200,16,1
2026-04-01,000333,13:28:54,76.7200,6,1
2026-04-01,000333,13:28:57,76.7100,47,2
2026-04-01,000333,13:29:00,76.7300,4,1
2026-04-01,000333,13:29:03,76.7300,79,1
2026-04-01,000333,13:29:06,76.7100,112,2
2026-04-01,000333,13:29:09,76.6900,117,2
2026-04-01,000333,13:29:12,76.7000,77,1
2026-04-01,000333,13:29:15,76.7000,16,1
2026-04-01,000333,13:29:18,76.6900,9,2
2026-04-01,000333,13:29:21,76.6900,3,1
2026-04-01,000333,13:29:24,76.6800,6,2
2026-04-01,000333,13:29:27,76.6500,599,2
2026-04-01,000333,13:29:30,76.6400,14,2
2026-04-01,000333,13:29:33,76.6500,36,1
2026-04-01,000333,13:29:36,76.6500,4,4
2026-04-01,000333,13:29:39,76.6600,41,1
2026-04-01,000333,13:29:42,76.6800,32,1
2026-04-01,000333,13:29:45,76.6600,51,2
2026-04-01,000333,13:29:48,76.6700,20,1
2026-04-01,000333,13:29:51,76.6700,21,1
2026-04-01,000333,13:29:54,76.6600,103,2
2026-04-01,000333,13:29:57,76.6500,14,2
2026-04-01,000333,13:30:00,76.6400,32,2
2026-04-01,000333,13:30:03,76.6500,45,1
2026-04-01,000333,13:30:06,76.6400,7,2
2026-04-01,000333,13:30:09,76.6500,53,1
2026-04-01,000333,13:30:12,76.6500,20,1
2026-04-01,000333,13:30:15,76.6400,30,2
2026-04-01,000333,13:30:18,76.6400,91,2
2026-04-01,000333,13:30:21,76.6200,2,2
2026-04-01,000333,13:30:24,76.6300,39,1
2026-04-01,000333,13:30:27,76.6200,22,2
2026-04-01,000333,13:30:30,76.6000,498,2
2026-04-01,000333,13:30:33,76.5900,117,2
2026-04-01,000333,13:30:36,76.6100,452,1
2026-04-01,000333,13:30:39,76.5900,41,2
2026-04-01,000333,13:30:42,76.6200,52,1
2026-04-01,000333,13:30:45,76.6100,102,1
2026-04-01,000333,13:30:48,76.5900,21,2
2026-04-01,000333,13:30:51,76.5900,45,2
2026-04-01,000333,13:30:54,76.6100,14,1
2026-04-01,000333,13:30:57,76.5900,35,2
2026-04-01,000333,13:31:00,76.6100,27,1
2026-04-01,000333,13:31:03,76.5900,42,2
2026-04-01,000333,13:31:06,76.6100,60,1
2026-04-01,000333,13:31:09,76.6000,8,4
2026-04-01,000333,13:31:12,76.6100,24,1
2026-04-01,000333,13:31:15,76.6000,27,2
2026-04-01,000333,13:31:18,76.6000,46,2
2026-04-01,000333,13:31:21,76.5800,101,2
2026-04-01,000333,13:31:24,76.5900,6,1
2026-04-01,000333,13:31:27,76.5700,32,2
2026-04-01,000333,13:31:30,76.5800,35,1
2026-04-01,000333,13:31:33,76.5800,12,4
2026-04-01,000333,13:31:36,76.5800,2,1
2026-04-01,000333,13:31:39,76.5700,16,2
2026-04-01,000333,13:31:42,76.5700,7,2
2026-04-01,000333,13:31:45,76.5800,17,1
2026-04-01,000333,13:31:48,76.5800,23,1
2026-04-01,000333,13:31:51,76.5900,48,1
2026-04-01,000333,13:31:54,76.5900,86,1
2026-04-01,000333,13:31:57,76.5900,5,2
2026-04-01,000333,13:32:00,76.5900,27,2
2026-04-01,000333,13:32:03,76.6000,35,1
2026-04-01,000333,13:32:06,76.6000,38,1
2026-04-01,000333,13:32:09,76.6100,31,1
2026-04-01,000333,13:32:12,76.6100,47,1
2026-04-01,000333,13:32:15,76.6100,43,1
2026-04-01,000333,13:32:18,76.6000,25,2
2026-04-01,000333,13:32:21,76.6100,11,4
2026-04-01,000333,13:32:24,76.6100,21,1
2026-04-01,000333,13:32:27,76.6100,13,2
2026-04-01,000333,13:32:30,76.6100,9,2
2026-04-01,000333,13:32:33,76.6100,9,2
2026-04-01,000333,13:32:36,76.6100,11,2
2026-04-01,000333,13:32:39,76.5900,544,2
2026-04-01,000333,13:32:42,76.5700,322,2
2026-04-01,000333,13:32:45,76.5700,97,2
2026-04-01,000333,13:32:48,76.5700,203,1
2026-04-01,000333,13:32:51,76.5600,20,2
2026-04-01,000333,13:32:54,76.5600,11,2
2026-04-01,000333,13:32:57,76.5700,134,1
2026-04-01,000333,13:33:00,76.5800,40,4
2026-04-01,000333,13:33:03,76.5800,6,2
2026-04-01,000333,13:33:06,76.6200,64,1
2026-04-01,000333,13:33:09,76.6000,47,2
2026-04-01,000333,13:33:12,76.5900,24,4
2026-04-01,000333,13:33:15,76.6000,4,1
2026-04-01,000333,13:33:18,76.5900,6,2
2026-04-01,000333,13:33:21,76.5900,54,2
2026-04-01,000333,13:33:24,76.5900,23,1
2026-04-01,000333,13:33:27,76.6000,16,4
2026-04-01,000333,13:33:30,76.6000,153,1
2026-04-01,000333,13:33:33,76.5900,34,2
2026-04-01,000333,13:33:36,76.5900,13,2
2026-04-01,000333,13:33:39,76.5900,44,2
2026-04-01,000333,13:33:42,76.6000,7,1
2026-04-01,000333,13:33:45,76.5900,8,2
2026-04-01,000333,13:33:48,76.6000,34,1
2026-04-01,000333,13:33:51,76.5900,3,2
2026-04-01,000333,13:33:54,76.5900,2,2
2026-04-01,000333,13:33:57,76.6000,116,1
2026-04-01,000333,13:34:00,76.5900,54,2
2026-04-01,000333,13:34:03,76.5900,66,1
2026-04-01,000333,13:34:06,76.6000,24,1
2026-04-01,000333,13:34:09,76.6000,60,1
2026-04-01,000333,13:34:12,76.6100,34,1
2026-04-01,000333,13:34:15,76.6100,39,1
2026-04-01,000333,13:34:18,76.6000,36,2
2026-04-01,000333,13:34:21,76.6100,27,1
2026-04-01,000333,13:34:24,76.5800,608,2
2026-04-01,000333,13:34:27,76.5900,100,1
2026-04-01,000333,13:34:30,76.5800,13,2
2026-04-01,000333,13:34:33,76.5800,35,2
2026-04-01,000333,13:34:36,76.5800,31,2
2026-04-01,000333,13:34:39,76.5800,13,2
2026-04-01,000333,13:34:42,76.5800,20,2
2026-04-01,000333,13:34:45,76.5700,10,2
2026-04-01,000333,13:34:48,76.5700,81,2
2026-04-01,000333,13:34:51,76.5700,58,2
2026-04-01,000333,13:34:54,76.5800,27,1
2026-04-01,000333,13:34:57,76.5800,36,2
2026-04-01,000333,13:35:00,76.5800,5,2
2026-04-01,000333,13:35:03,76.5800,64,2
2026-04-01,000333,13:35:06,76.5800,30,1
2026-04-01,000333,13:35:09,76.5900,34,1
2026-04-01,000333,13:35:12,76.5900,10,1
2026-04-01,000333,13:35:15,76.5800,2,2
2026-04-01,000333,13:35:18,76.5900,2,1
2026-04-01,000333,13:35:21,76.5800,18,2
2026-04-01,000333,13:35:24,76.5700,31,2
2026-04-01,000333,13:35:27,76.5800,74,1
2026-04-01,000333,13:35:30,76.5700,16,1
2026-04-01,000333,13:35:33,76.5600,28,2
2026-04-01,000333,13:35:36,76.5600,4,2
2026-04-01,000333,13:35:39,76.5500,289,2
2026-04-01,000333,13:35:42,76.5500,34,4
2026-04-01,000333,13:35:45,76.5500,41,1
2026-04-01,000333,13:35:48,76.5500,9,1
2026-04-01,000333,13:35:51,76.5400,37,2
2026-04-01,000333,13:35:54,76.5400,11,1
2026-04-01,000333,13:35:57,76.5400,6,1
2026-04-01,000333,13:36:00,76.5300,36,2
2026-04-01,000333,13:36:03,76.5400,55,1
2026-04-01,000333,13:36:06,76.5100,280,2
2026-04-01,000333,13:36:09,76.5100,69,4
2026-04-01,000333,13:36:12,76.5100,29,1
2026-04-01,000333,13:36:15,76.5000,46,2
2026-04-01,000333,13:36:18,76.5100,17,1
2026-04-01,000333,13:36:21,76.5000,886,2
2026-04-01,000333,13:36:24,76.5200,340,1
2026-04-01,000333,13:36:27,76.5100,11,2
2026-04-01,000333,13:36:30,76.5100,29,2
2026-04-01,000333,13:36:33,76.5200,14,1
2026-04-01,000333,13:36:36,76.5200,14,2
2026-04-01,000333,13:36:39,76.5200,92,1
2026-04-01,000333,13:36:42,76.5700,121,1
2026-04-01,000333,13:36:45,76.5500,56,2
2026-04-01,000333,13:36:48,76.5500,32,2
2026-04-01,000333,13:36:51,76.5500,74,2
2026-04-01,000333,13:36:54,76.5800,56,1
2026-04-01,000333,13:36:57,76.5700,17,1
2026-04-01,000333,13:37:00,76.5500,11,2
2026-04-01,000333,13:37:03,76.5500,25,2
2026-04-01,000333,13:37:06,76.5500,26,2
2026-04-01,000333,13:37:09,76.5500,20,2
2026-04-01,000333,13:37:12,76.5500,19,1
2026-04-01,000333,13:37:15,76.5400,10,2
2026-04-01,000333,13:37:18,76.5500,7,1
2026-04-01,000333,13:37:21,76.5400,32,2
2026-04-01,000333,13:37:24,76.5500,39,1
2026-04-01,000333,13:37:27,76.5500,49,4
2026-04-01,000333,13:37:30,76.5700,9,1
2026-04-01,000333,13:37:33,76.5700,14,1
2026-04-01,000333,13:37:36,76.5500,38,2
2026-04-01,000333,13:37:39,76.5600,3,1
2026-04-01,000333,13:37:42,76.5600,14,1
2026-04-01,000333,13:37:45,76.5700,9,1
2026-04-01,000333,13:37:48,76.5500,12,2
2026-04-01,000333,13:37:51,76.5600,24,1
2026-04-01,000333,13:37:54,76.5600,40,2
2026-04-01,000333,13:37:57,76.5600,10,2
2026-04-01,000333,13:38:00,76.5700,7,1
2026-04-01,000333,13:38:03,76.5800,86,1
2026-04-01,000333,13:38:06,76.5800,41,1
2026-04-01,000333,13:38:09,76.5800,21,1
2026-04-01,000333,13:38:12,76.5800,23,1
2026-04-01,000333,13:38:15,76.5800,14,1
2026-04-01,000333,13:38:18,76.5700,41,2
2026-04-01,000333,13:38:21,76.5900,72,1
2026-04-01,000333,13:38:24,76.5900,26,1
2026-04-01,000333,13:38:27,76.5800,39,2
2026-04-01,000333,13:38:30,76.5800,11,2
2026-04-01,000333,13:38:33,76.5900,11,1
2026-04-01,000333,13:38:36,76.5900,11,1
2026-04-01,000333,13:38:39,76.5900,37,1
2026-04-01,000333,13:38:42,76.5900,17,1
2026-04-01,000333,13:38:45,76.5800,213,2
2026-04-01,000333,13:38:48,76.5700,49,2
2026-04-01,000333,13:38:51,76.5600,37,2
2026-04-01,000333,13:38:54,76.5600,9,1
2026-04-01,000333,13:38:57,76.5600,4,1
2026-04-01,000333,13:39:00,76.5600,70,1
2026-04-01,000333,13:39:03,76.5600,39,1
2026-04-01,000333,13:39:06,76.5500,15,2
2026-04-01,000333,13:39:09,76.5500,14,2
2026-04-01,000333,13:39:12,76.5600,32,1
2026-04-01,000333,13:39:15,76.5400,41,2
2026-04-01,000333,13:39:18,76.5400,19,2
2026-04-01,000333,13:39:21,76.5400,37,2
2026-04-01,000333,13:39:24,76.5500,19,1
2026-04-01,000333,13:39:27,76.5400,14,2
2026-04-01,000333,13:39:30,76.5500,49,1
2026-04-01,000333,13:39:33,76.5800,184,1
2026-04-01,000333,13:39:36,76.5900,41,1
2026-04-01,000333,13:39:39,76.5900,37,1
2026-04-01,000333,13:39:42,76.5700,23,2
2026-04-01,000333,13:39:45,76.5800,20,1
2026-04-01,000333,13:39:48,76.5900,25,2
2026-04-01,000333,13:39:51,76.5900,6,2
2026-04-01,000333,13:39:54,76.6000,17,1
2026-04-01,000333,13:39:57,76.5900,43,2
2026-04-01,000333,13:40:00,76.5900,89,2
2026-04-01,000333,13:40:03,76.5900,107,2
2026-04-01,000333,13:40:06,76.6000,29,1
2026-04-01,000333,13:40:09,76.5900,42,2
2026-04-01,000333,13:40:12,76.6000,18,1
2026-04-01,000333,13:40:18,76.6000,31,1
2026-04-01,000333,13:40:21,76.6000,53,2
2026-04-01,000333,13:40:24,76.6000,93,2
2026-04-01,000333,13:40:27,76.6000,5,2
2026-04-01,000333,13:40:30,76.6100,25,1
2026-04-01,000333,13:40:33,76.6200,11,1
2026-04-01,000333,13:40:36,76.5900,23,2
2026-04-01,000333,13:40:39,76.6000,26,1
2026-04-01,000333,13:40:42,76.6000,26,1
2026-04-01,000333,13:40:45,76.6000,31,1
2026-04-01,000333,13:40:48,76.6000,5,1
2026-04-01,000333,13:40:51,76.5900,13,2
2026-04-01,000333,13:40:54,76.5900,6,2
2026-04-01,000333,13:40:57,76.6000,9,1
2026-04-01,000333,13:41:00,76.5900,105,2
2026-04-01,000333,13:41:03,76.5900,45,2
2026-04-01,000333,13:41:06,76.5900,1,1
2026-04-01,000333,13:41:09,76.5900,7,1
2026-04-01,000333,13:41:12,76.5900,1,1
2026-04-01,000333,13:41:15,76.5800,80,2
2026-04-01,000333,13:41:18,76.5800,21,1
2026-04-01,000333,13:41:21,76.5800,11,1
2026-04-01,000333,13:41:24,76.5700,17,2
2026-04-01,000333,13:41:27,76.5800,20,1
2026-04-01,000333,13:41:30,76.5800,52,2
2026-04-01,000333,13:41:33,76.5900,11,1
2026-04-01,000333,13:41:36,76.5900,21,1
2026-04-01,000333,13:41:39,76.5700,8,2
2026-04-01,000333,13:41:42,76.5800,6,4
2026-04-01,000333,13:41:45,76.5800,9,1
2026-04-01,000333,13:41:48,76.5800,33,1
2026-04-01,000333,13:41:51,76.5800,1,1
2026-04-01,000333,13:41:54,76.5700,33,2
2026-04-01,000333,13:41:57,76.5800,10,1
2026-04-01,000333,13:42:00,76.5700,23,2
2026-04-01,000333,13:42:03,76.5700,49,2
2026-04-01,000333,13:42:06,76.5600,20,2
2026-04-01,000333,13:42:09,76.5600,1,2
2026-04-01,000333,13:42:12,76.5800,54,1
2026-04-01,000333,13:42:15,76.5700,22,2
2026-04-01,000333,13:42:18,76.5700,7,2
2026-04-01,000333,13:42:21,76.5700,13,2
2026-04-01,000333,13:42:24,76.5700,4,2
2026-04-01,000333,13:42:27,76.5800,6,1
2026-04-01,000333,13:42:30,76.5800,183,1
2026-04-01,000333,13:42:33,76.5800,264,1
2026-04-01,000333,13:42:36,76.5800,38,2
2026-04-01,000333,13:42:39,76.5800,46,2
2026-04-01,000333,13:42:42,76.6100,39,1
2026-04-01,000333,13:42:45,76.6100,30,1
2026-04-01,000333,13:42:48,76.6100,14,4
2026-04-01,000333,13:42:51,76.6300,33,1
2026-04-01,000333,13:42:54,76.6300,8,1
2026-04-01,000333,13:42:57,76.6200,46,2
2026-04-01,000333,13:43:00,76.6300,41,1
2026-04-01,000333,13:43:03,76.6200,52,2
2026-04-01,000333,13:43:06,76.6200,64,2
2026-04-01,000333,13:43:09,76.6300,5,1
2026-04-01,000333,13:43:12,76.6300,15,1
2026-04-01,000333,13:43:15,76.6200,12,2
2026-04-01,000333,13:43:18,76.6300,8,1
2026-04-01,000333,13:43:21,76.6300,15,1
2026-04-01,000333,13:43:24,76.6300,15,1
2026-04-01,000333,13:43:27,76.6300,8,1
2026-04-01,000333,13:43:30,76.6300,14,1
2026-04-01,000333,13:43:33,76.6300,63,1
2026-04-01,000333,13:43:36,76.6500,39,1
2026-04-01,000333,13:43:39,76.6400,8,1
2026-04-01,000333,13:43:42,76.6500,32,1
2026-04-01,000333,13:43:45,76.6400,27,1
2026-04-01,000333,13:43:48,76.6200,22,2
2026-04-01,000333,13:43:51,76.6200,78,2
2026-04-01,000333,13:43:54,76.6100,48,2
2026-04-01,000333,13:43:57,76.6200,35,1
2026-04-01,000333,13:44:00,76.6200,83,1
2026-04-01,000333,13:44:03,76.5900,81,2
2026-04-01,000333,13:44:06,76.6200,23,1
2026-04-01,000333,13:44:09,76.6100,22,2
2026-04-01,000333,13:44:12,76.6200,26,1
2026-04-01,000333,13:44:15,76.6200,10,4
2026-04-01,000333,13:44:18,76.6000,6,2
2026-04-01,000333,13:44:21,76.6000,4,1
2026-04-01,000333,13:44:24,76.6000,11,1
2026-04-01,000333,13:44:27,76.6000,5,1
2026-04-01,000333,13:44:33,76.6000,10,1
2026-04-01,000333,13:44:36,76.6000,1,1
2026-04-01,000333,13:44:39,76.6000,2,1
2026-04-01,000333,13:44:42,76.6000,16,1
2026-04-01,000333,13:44:45,76.6000,36,1
2026-04-01,000333,13:44:48,76.5900,39,2
2026-04-01,000333,13:44:51,76.5900,18,1
2026-04-01,000333,13:44:54,76.5900,2,1
2026-04-01,000333,13:44:57,76.5900,161,1
2026-04-01,000333,13:45:00,76.6000,45,1
2026-04-01,000333,13:45:03,76.6100,78,1
2026-04-01,000333,13:45:06,76.6200,38,1
2026-04-01,000333,13:45:09,76.6000,74,2
2026-04-01,000333,13:45:12,76.6100,16,1
2026-04-01,000333,13:45:15,76.6000,5,4
2026-04-01,000333,13:45:18,76.5900,13,2
2026-04-01,000333,13:45:21,76.6100,54,1
2026-04-01,000333,13:45:24,76.6100,10,1
2026-04-01,000333,13:45:27,76.6000,5,1
2026-04-01,000333,13:45:30,76.6000,1,1
2026-04-01,000333,13:45:33,76.6000,1,1
2026-04-01,000333,13:45:36,76.5700,125,2
2026-04-01,000333,13:45:39,76.5800,63,1
2026-04-01,000333,13:45:42,76.5800,15,4
2026-04-01,000333,13:45:45,76.5800,19,1
2026-04-01,000333,13:45:48,76.5700,32,2
2026-04-01,000333,13:45:51,76.5800,15,1
2026-04-01,000333,13:45:54,76.5700,18,2
2026-04-01,000333,13:45:57,76.5800,25,1
2026-04-01,000333,13:46:00,76.5800,19,1
2026-04-01,000333,13:46:03,76.5700,48,2
2026-04-01,000333,13:46:06,76.5700,15,2
2026-04-01,000333,13:46:09,76.5700,13,2
2026-04-01,000333,13:46:12,76.5800,31,1
2026-04-01,000333,13:46:15,76.5800,47,1
2026-04-01,000333,13:46:18,76.5800,36,1
2026-04-01,000333,13:46:21,76.5900,9,1
2026-04-01,000333,13:46:24,76.5800,15,2
2026-04-01,000333,13:46:27,76.5800,23,2
2026-04-01,000333,13:46:30,76.5800,10,1
2026-04-01,000333,13:46:33,76.5800,22,1
2026-04-01,000333,13:46:36,76.5800,84,2
2026-04-01,000333,13:46:39,76.5700,26,2
2026-04-01,000333,13:46:42,76.5900,31,1
2026-04-01,000333,13:46:45,76.5900,17,1
2026-04-01,000333,13:46:48,76.5900,4,1
2026-04-01,000333,13:46:51,76.5800,6,2
2026-04-01,000333,13:46:54,76.5900,15,1
2026-04-01,000333,13:46:57,76.5800,10,2
2026-04-01,000333,13:47:00,76.5800,24,2
2026-04-01,000333,13:47:03,76.5800,96,1
2026-04-01,000333,13:47:06,76.5900,16,1
2026-04-01,000333,13:47:09,76.5800,23,2
2026-04-01,000333,13:47:12,76.5800,33,2
2026-04-01,000333,13:47:15,76.5700,21,2
2026-04-01,000333,13:47:18,76.5800,23,1
2026-04-01,000333,13:47:21,76.5800,14,1
2026-04-01,000333,13:47:24,76.5700,6,2
2026-04-01,000333,13:47:27,76.5800,7,1
2026-04-01,000333,13:47:30,76.5700,15,2
2026-04-01,000333,13:47:33,76.5900,15,1
2026-04-01,000333,13:47:36,76.5800,15,2
2026-04-01,000333,13:47:39,76.5800,9,2
2026-04-01,000333,13:47:42,76.5900,4,1
2026-04-01,000333,13:47:45,76.5900,9,1
2026-04-01,000333,13:47:48,76.5800,39,2
2026-04-01,000333,13:47:51,76.5800,15,2
2026-04-01,000333,13:47:54,76.5800,12,2
2026-04-01,000333,13:47:57,76.5800,190,2
2026-04-01,000333,13:48:00,76.5900,23,1
2026-04-01,000333,13:48:03,76.5900,97,1
2026-04-01,000333,13:48:06,76.6000,46,1
2026-04-01,000333,13:48:09,76.5900,3,2
2026-04-01,000333,13:48:12,76.5900,8,2
2026-04-01,000333,13:48:15,76.6000,16,1
2026-04-01,000333,13:48:18,76.5900,80,2
2026-04-01,000333,13:48:21,76.5900,140,2
2026-04-01,000333,13:48:24,76.5600,10,2
2026-04-01,000333,13:48:27,76.5800,12,1
2026-04-01,000333,13:48:30,76.5900,31,1
2026-04-01,000333,13:48:33,76.5600,14,2
2026-04-01,000333,13:48:36,76.5800,1,1
2026-04-01,000333,13:48:39,76.5700,13,2
2026-04-01,000333,13:48:42,76.5800,57,1
2026-04-01,000333,13:48:45,76.5800,13,1
2026-04-01,000333,13:48:51,76.5800,6,1
2026-04-01,000333,13:48:54,76.5700,7,2
2026-04-01,000333,13:48:57,76.5800,5,1
2026-04-01,000333,13:49:00,76.5800,3,1
2026-04-01,000333,13:49:03,76.5800,18,1
2026-04-01,000333,13:49:06,76.5700,12,2
2026-04-01,000333,13:49:09,76.5700,133,2
2026-04-01,000333,13:49:12,76.5900,314,1
2026-04-01,000333,13:49:15,76.5900,27,1
2026-04-01,000333,13:49:18,76.6100,138,1
2026-04-01,000333,13:49:21,76.6000,14,2
2026-04-01,000333,13:49:24,76.6100,2,1
2026-04-01,000333,13:49:27,76.6100,27,1
2026-04-01,000333,13:49:30,76.6100,18,2
2026-04-01,000333,13:49:33,76.6100,37,2
2026-04-01,000333,13:49:36,76.6100,18,2
2026-04-01,000333,13:49:39,76.6100,26,2
2026-04-01,000333,13:49:42,76.6000,240,2
2026-04-01,000333,13:49:45,76.6000,122,2
2026-04-01,000333,13:49:48,76.5900,9,4
2026-04-01,000333,13:49:51,76.5900,1,4
2026-04-01,000333,13:49:54,76.5800,16,2
2026-04-01,000333,13:49:57,76.5900,12,1
2026-04-01,000333,13:50:00,76.5900,20,1
2026-04-01,000333,13:50:03,76.5800,76,2
2026-04-01,000333,13:50:06,76.5600,241,2
2026-04-01,000333,13:50:09,76.5700,6,1
2026-04-01,000333,13:50:12,76.5900,69,1
2026-04-01,000333,13:50:15,76.5900,53,1
2026-04-01,000333,13:50:18,76.5800,1,2
2026-04-01,000333,13:50:21,76.6300,419,1
2026-04-01,000333,13:50:24,76.6400,147,1
2026-04-01,000333,13:50:27,76.6400,93,2
2026-04-01,000333,13:50:30,76.6400,5,2
2026-04-01,000333,13:50:33,76.6400,53,2
2026-04-01,000333,13:50:36,76.6500,14,1
2026-04-01,000333,13:50:39,76.6500,11,1
2026-04-01,000333,13:50:42,76.6500,22,1
2026-04-01,000333,13:50:45,76.6400,11,2
2026-04-01,000333,13:50:48,76.6500,15,1
2026-04-01,000333,13:50:51,76.6400,6,2
2026-04-01,000333,13:50:54,76.6500,24,1
2026-04-01,000333,13:50:57,76.6500,4,1
2026-04-01,000333,13:51:00,76.6500,15,1
2026-04-01,000333,13:51:03,76.6500,12,1
2026-04-01,000333,13:51:06,76.6500,19,1
2026-04-01,000333,13:51:09,76.6500,21,1
2026-04-01,000333,13:51:12,76.6500,27,1
2026-04-01,000333,13:51:15,76.6500,15,1
2026-04-01,000333,13:51:18,76.6500,14,2
2026-04-01,000333,13:51:21,76.6500,25,2
2026-04-01,000333,13:51:24,76.6500,25,2
2026-04-01,000333,13:51:27,76.6400,19,2
2026-04-01,000333,13:51:30,76.6500,2,1
2026-04-01,000333,13:51:33,76.6500,4,1
2026-04-01,000333,13:51:36,76.6500,68,1
2026-04-01,000333,13:51:39,76.6500,12,2
2026-04-01,000333,13:51:42,76.6600,5,1
2026-04-01,000333,13:51:45,76.6500,114,2
2026-04-01,000333,13:51:48,76.6600,31,1
2026-04-01,000333,13:51:51,76.6700,8,1
2026-04-01,000333,13:51:54,76.6700,5,1
2026-04-01,000333,13:51:57,76.6700,26,1
2026-04-01,000333,13:52:00,76.6700,65,1
2026-04-01,000333,13:52:03,76.6400,214,2
2026-04-01,000333,13:52:06,76.6400,32,2
2026-04-01,000333,13:52:09,76.6300,40,2
2026-04-01,000333,13:52:12,76.6300,100,2
2026-04-01,000333,13:52:15,76.6500,430,1
2026-04-01,000333,13:52:18,76.6400,18,2
2026-04-01,000333,13:52:21,76.6500,34,1
2026-04-01,000333,13:52:24,76.6300,20,2
2026-04-01,000333,13:52:30,76.6300,4,4
2026-04-01,000333,13:52:33,76.6400,10,1
2026-04-01,000333,13:52:39,76.6400,1,1
2026-04-01,000333,13:52:42,76.6400,16,1
2026-04-01,000333,13:52:45,76.6300,10,2
2026-04-01,000333,13:52:48,76.6300,12,2
2026-04-01,000333,13:52:51,76.6300,5,2
2026-04-01,000333,13:52:54,76.6400,7,1
2026-04-01,000333,13:52:57,76.6300,6,2
2026-04-01,000333,13:53:00,76.6300,1,2
2026-04-01,000333,13:53:03,76.6400,14,1
2026-04-01,000333,13:53:06,76.6300,28,2
2026-04-01,000333,13:53:09,76.6300,5,2
2026-04-01,000333,13:53:12,76.6400,2,1
2026-04-01,000333,13:53:15,76.6300,2,2
2026-04-01,000333,13:53:21,76.6300,7,2
2026-04-01,000333,13:53:24,76.6400,146,1
2026-04-01,000333,13:53:27,76.6400,1,4
2026-04-01,000333,13:53:30,76.6400,6,2
2026-04-01,000333,13:53:33,76.6400,59,2
2026-04-01,000333,13:53:36,76.6500,68,1
2026-04-01,000333,13:53:39,76.6400,2,2
2026-04-01,000333,13:53:42,76.6500,13,1
2026-04-01,000333,13:53:51,76.6500,28,1
2026-04-01,000333,13:53:54,76.6500,2,1
2026-04-01,000333,13:53:57,76.6500,2,1
2026-04-01,000333,13:54:00,76.6500,16,1
2026-04-01,000333,13:54:03,76.6500,123,1
2026-04-01,000333,13:54:06,76.6500,42,2
2026-04-01,000333,13:54:09,76.6600,6,1
2026-04-01,000333,13:54:12,76.6600,19,1
2026-04-01,000333,13:54:15,76.6500,32,2
2026-04-01,000333,13:54:18,76.6400,20,2
2026-04-01,000333,13:54:21,76.6500,14,1
2026-04-01,000333,13:54:24,76.6500,42,1
2026-04-01,000333,13:54:27,76.6600,16,1
2026-04-01,000333,13:54:30,76.6600,25,1
2026-04-01,000333,13:54:33,76.6600,17,2
2026-04-01,000333,13:54:36,76.6700,18,1
2026-04-01,000333,13:54:39,76.6600,8,2
2026-04-01,000333,13:54:42,76.6700,25,1
2026-04-01,000333,13:54:45,76.6700,34,1
2026-04-01,000333,13:54:48,76.6700,9,1
2026-04-01,000333,13:54:51,76.6700,27,2
2026-04-01,000333,13:54:54,76.6800,4,1
2026-04-01,000333,13:54:57,76.6800,7,1
2026-04-01,000333,13:55:00,76.6700,13,2
2026-04-01,000333,13:55:03,76.6800,19,1
2026-04-01,000333,13:55:06,76.6700,16,2
2026-04-01,000333,13:55:09,76.6700,24,2
2026-04-01,000333,13:55:12,76.6700,29,2
2026-04-01,000333,13:55:15,76.6800,33,1
2026-04-01,000333,13:55:18,76.6700,7,2
2026-04-01,000333,13:55:21,76.6800,25,1
2026-04-01,000333,13:55:24,76.6800,31,1
2026-04-01,000333,13:55:27,76.6600,16,2
2026-04-01,000333,13:55:30,76.6700,1,1
2026-04-01,000333,13:55:33,76.6700,7,1
2026-04-01,000333,13:55:36,76.6600,58,2
2026-04-01,000333,13:55:39,76.6700,53,1
2026-04-01,000333,13:55:42,76.6600,24,2
2026-04-01,000333,13:55:45,76.6600,26,2
2026-04-01,000333,13:55:48,76.6600,48,2
2026-04-01,000333,13:55:51,76.6600,12,1
2026-04-01,000333,13:55:54,76.6400,241,2
2026-04-01,000333,13:55:57,76.6400,25,2
2026-04-01,000333,13:56:00,76.6300,39,2
2026-04-01,000333,13:56:03,76.6300,84,2
2026-04-01,000333,13:56:06,76.6500,338,1
2026-04-01,000333,13:56:09,76.6600,165,1
2026-04-01,000333,13:56:12,76.6500,55,2
2026-04-01,000333,13:56:15,76.6700,6,1
2026-04-01,000333,13:56:21,76.6700,32,1
2026-04-01,000333,13:56:24,76.6700,7,1
2026-04-01,000333,13:56:27,76.6600,58,2
2026-04-01,000333,13:56:30,76.6600,15,2
2026-04-01,000333,13:56:33,76.6700,4,1
2026-04-01,000333,13:56:36,76.6600,10,2
2026-04-01,000333,13:56:39,76.6700,3,1
2026-04-01,000333,13:56:42,76.6700,11,1
2026-04-01,000333,13:56:45,76.6700,13,1
2026-04-01,000333,13:56:48,76.6600,2,2
2026-04-01,000333,13:56:51,76.6500,47,2
2026-04-01,000333,13:56:54,76.6400,36,2
2026-04-01,000333,13:56:57,76.6600,111,1
2026-04-01,000333,13:57:00,76.6700,19,1
2026-04-01,000333,13:57:03,76.6700,50,1
2026-04-01,000333,13:57:06,76.6500,932,2
2026-04-01,000333,13:57:09,76.6400,112,2
2026-04-01,000333,13:57:12,76.6400,33,1
2026-04-01,000333,13:57:15,76.6300,14,2
2026-04-01,000333,13:57:18,76.6300,9,2
2026-04-01,000333,13:57:21,76.6400,59,1
2026-04-01,000333,13:57:24,76.6300,33,2
2026-04-01,000333,13:57:27,76.6300,2,1
2026-04-01,000333,13:57:33,76.6300,17,1
2026-04-01,000333,13:57:36,76.6200,9,2
2026-04-01,000333,13:57:39,76.6300,9,1
2026-04-01,000333,13:57:42,76.6300,2,1
2026-04-01,000333,13:57:45,76.6200,11,2
2026-04-01,000333,13:57:48,76.6200,30,2
2026-04-01,000333,13:57:51,76.6200,14,2
2026-04-01,000333,13:57:54,76.6000,244,2
2026-04-01,000333,13:57:57,76.6000,136,2
2026-04-01,000333,13:58:00,76.5900,65,2
2026-04-01,000333,13:58:03,76.5900,88,2
2026-04-01,000333,13:58:06,76.5900,3,1
2026-04-01,000333,13:58:09,76.5900,14,1
2026-04-01,000333,13:58:12,76.5900,16,1
2026-04-01,000333,13:58:15,76.5700,12,2
2026-04-01,000333,13:58:18,76.5700,59,2
2026-04-01,000333,13:58:21,76.5700,65,2
2026-04-01,000333,13:58:24,76.5700,30,2
2026-04-01,000333,13:58:27,76.5700,13,1
2026-04-01,000333,13:58:30,76.5700,38,1
2026-04-01,000333,13:58:33,76.5900,30,1
2026-04-01,000333,13:58:36,76.5800,6,2
2026-04-01,000333,13:58:39,76.5900,14,1
2026-04-01,000333,13:58:42,76.5900,21,1
2026-04-01,000333,13:58:45,76.5800,24,2
2026-04-01,000333,13:58:48,76.5900,8,1
2026-04-01,000333,13:58:51,76.5900,24,2
2026-04-01,000333,13:58:54,76.5900,4,2
2026-04-01,000333,13:58:57,76.5800,97,2
2026-04-01,000333,13:59:00,76.6000,4,1
2026-04-01,000333,13:59:03,76.6000,16,1
2026-04-01,000333,13:59:06,76.5900,7,2
2026-04-01,000333,13:59:09,76.5900,9,1
2026-04-01,000333,13:59:12,76.6000,21,1
2026-04-01,000333,13:59:15,76.5900,41,2
2026-04-01,000333,13:59:18,76.5800,16,1
2026-04-01,000333,13:59:21,76.5900,5,1
2026-04-01,000333,13:59:24,76.5800,26,2
2026-04-01,000333,13:59:27,76.5800,2,1
2026-04-01,000333,13:59:30,76.5700,57,2
2026-04-01,000333,13:59:33,76.5600,60,2
2026-04-01,000333,13:59:36,76.5600,99,2
2026-04-01,000333,13:59:39,76.5600,86,2
2026-04-01,000333,13:59:42,76.5500,71,2
2026-04-01,000333,13:59:45,76.5500,20,2
2026-04-01,000333,13:59:48,76.5500,17,2
2026-04-01,000333,13:59:51,76.5400,16,2
2026-04-01,000333,13:59:54,76.5500,5,2
2026-04-01,000333,13:59:57,76.5600,21,1
2026-04-01,000333,14:00:00,76.5700,40,1
2026-04-01,000333,14:00:03,76.5500,170,2
2026-04-01,000333,14:00:06,76.5500,30,2
2026-04-01,000333,14:00:09,76.5700,86,1
2026-04-01,000333,14:00:12,76.5800,25,1
2026-04-01,000333,14:00:15,76.5700,15,2
2026-04-01,000333,14:00:18,76.5800,11,2
2026-04-01,000333,14:00:21,76.6000,66,1
2026-04-01,000333,14:00:24,76.5900,54,2
2026-04-01,000333,14:00:27,76.6000,49,1
2026-04-01,000333,14:00:30,76.5900,11,2
2026-04-01,000333,14:00:33,76.6000,59,1
2026-04-01,000333,14:00:36,76.5900,6,2
2026-04-01,000333,14:00:39,76.6000,24,1
2026-04-01,000333,14:00:42,76.6100,37,1
2026-04-01,000333,14:00:45,76.6000,35,2
2026-04-01,000333,14:00:48,76.6100,37,1
2026-04-01,000333,14:00:51,76.6000,18,2
2026-04-01,000333,14:00:54,76.6000,84,2
2026-04-01,000333,14:00:57,76.5900,40,2
2026-04-01,000333,14:01:00,76.5800,14,2
2026-04-01,000333,14:01:03,76.5700,12,2
2026-04-01,000333,14:01:06,76.5700,9,2
2026-04-01,000333,14:01:09,76.5600,33,2
2026-04-01,000333,14:01:12,76.5600,33,2
2026-04-01,000333,14:01:15,76.5600,22,1
2026-04-01,000333,14:01:21,76.5600,19,1
2026-04-01,000333,14:01:24,76.5900,409,1
2026-04-01,000333,14:01:27,76.5600,45,2
2026-04-01,000333,14:01:30,76.5700,6,2
2026-04-01,000333,14:01:33,76.5700,62,1
2026-04-01,000333,14:01:36,76.5700,7,2
2026-04-01,000333,14:01:39,76.5900,1,1
2026-04-01,000333,14:01:42,76.5900,18,1
2026-04-01,000333,14:01:45,76.5900,15,1
2026-04-01,000333,14:01:48,76.5900,85,1
2026-04-01,000333,14:01:51,76.5900,27,2
2026-04-01,000333,14:01:54,76.6000,53,1
2026-04-01,000333,14:01:57,76.6000,70,1
2026-04-01,000333,14:02:00,76.5900,16,2
2026-04-01,000333,14:02:03,76.5900,162,2
2026-04-01,000333,14:02:06,76.5800,51,2
2026-04-01,000333,14:02:09,76.5800,27,2
2026-04-01,000333,14:02:12,76.5900,171,4
2026-04-01,000333,14:02:15,76.6100,68,1
2026-04-01,000333,14:02:18,76.5900,26,1
2026-04-01,000333,14:02:21,76.5900,6,1
2026-04-01,000333,14:02:24,76.6100,215,1
2026-04-01,000333,14:02:27,76.6300,48,1
2026-04-01,000333,14:02:30,76.6200,43,2
2026-04-01,000333,14:02:33,76.6100,25,2
2026-04-01,000333,14:02:36,76.6100,15,1
2026-04-01,000333,14:02:42,76.6000,54,2
2026-04-01,000333,14:02:45,76.5900,208,2
2026-04-01,000333,14:02:48,76.5900,26,1
2026-04-01,000333,14:02:51,76.6000,32,1
2026-04-01,000333,14:02:54,76.6000,70,2
2026-04-01,000333,14:02:57,76.5900,3,2
2026-04-01,000333,14:03:00,76.6000,22,1
2026-04-01,000333,14:03:03,76.6000,21,1
2026-04-01,000333,14:03:06,76.6100,520,1
2026-04-01,000333,14:03:09,76.6200,97,1
2026-04-01,000333,14:03:12,76.6100,74,2
2026-04-01,000333,14:03:15,76.6200,1,4
2026-04-01,000333,14:03:18,76.6100,68,2
2026-04-01,000333,14:03:21,76.6200,7,1
2026-04-01,000333,14:03:24,76.6200,60,1
2026-04-01,000333,14:03:27,76.6200,30,2
2026-04-01,000333,14:03:30,76.6100,6,4
2026-04-01,000333,14:03:33,76.6000,16,2
2026-04-01,000333,14:03:36,76.5900,61,2
2026-04-01,000333,14:03:39,76.5900,22,2
2026-04-01,000333,14:03:42,76.6000,11,1
2026-04-01,000333,14:03:48,76.6000,21,1
2026-04-01,000333,14:03:51,76.6000,10,1
2026-04-01,000333,14:03:54,76.6000,17,1
2026-04-01,000333,14:03:57,76.6000,6,1
2026-04-01,000333,14:04:00,76.5900,37,2
2026-04-01,000333,14:04:03,76.5900,89,2
2026-04-01,000333,14:04:06,76.5700,22,2
2026-04-01,000333,14:04:09,76.5700,71,2
2026-04-01,000333,14:04:12,76.5800,9,1
2026-04-01,000333,14:04:15,76.5800,34,2
2026-04-01,000333,14:04:18,76.5700,11,2
2026-04-01,000333,14:04:21,76.5700,10,2
2026-04-01,000333,14:04:24,76.5700,36,2
2026-04-01,000333,14:04:27,76.5600,8,2
2026-04-01,000333,14:04:30,76.5600,7,2
2026-04-01,000333,14:04:33,76.5700,99,1
2026-04-01,000333,14:04:36,76.5900,53,1
2026-04-01,000333,14:04:39,76.5900,14,1
2026-04-01,000333,14:04:42,76.5900,151,1
2026-04-01,000333,14:04:45,76.5900,1,1
2026-04-01,000333,14:04:48,76.5900,10,1
2026-04-01,000333,14:04:51,76.5900,3,1
2026-04-01,000333,14:04:54,76.5800,225,2
2026-04-01,000333,14:04:57,76.5800,66,4
2026-04-01,000333,14:05:00,76.5500,59,2
2026-04-01,000333,14:05:03,76.5800,22,1
2026-04-01,000333,14:05:06,76.5800,9,1
2026-04-01,000333,14:05:09,76.5600,141,2
2026-04-01,000333,14:05:12,76.5900,73,1
2026-04-01,000333,14:05:15,76.5800,3,4
2026-04-01,000333,14:05:18,76.5900,15,1
2026-04-01,000333,14:05:21,76.6000,342,1
2026-04-01,000333,14:05:24,76.6100,9,1
2026-04-01,000333,14:05:27,76.6000,19,2
2026-04-01,000333,14:05:30,76.5800,40,2
2026-04-01,000333,14:05:33,76.6000,10,1
2026-04-01,000333,14:05:36,76.6000,1,1
2026-04-01,000333,14:05:39,76.5900,44,2
2026-04-01,000333,14:05:42,76.5900,5,1
2026-04-01,000333,14:05:45,76.5800,29,2
2026-04-01,000333,14:05:51,76.5800,142,2
2026-04-01,000333,14:05:54,76.5900,9,1
2026-04-01,000333,14:05:57,76.5800,37,1
2026-04-01,000333,14:06:00,76.5800,6,2
2026-04-01,000333,14:06:03,76.5800,62,2
2026-04-01,000333,14:06:06,76.5800,16,4
2026-04-01,000333,14:06:09,76.5900,11,1
2026-04-01,000333,14:06:12,76.5900,3,1
2026-04-01,000333,14:06:15,76.5900,9,1
2026-04-01,000333,14:06:18,76.5900,5,1
2026-04-01,000333,14:06:24,76.5900,31,1
2026-04-01,000333,14:06:27,76.5800,18,4
2026-04-01,000333,14:06:30,76.5800,5,4
2026-04-01,000333,14:06:33,76.5900,46,1
2026-04-01,000333,14:06:36,76.5800,26,4
2026-04-01,000333,10:54:09,76.9600,17,2
2026-04-01,000333,10:54:12,76.9600,29,2
2026-04-01,000333,10:54:15,76.9800,21,1
2026-04-01,000333,10:54:18,76.9800,21,1
2026-04-01,000333,10:54:21,76.9700,59,2
2026-04-01,000333,10:54:24,76.9800,5,1
2026-04-01,000333,10:54:27,76.9600,67,2
2026-04-01,000333,10:54:30,76.9700,4,4
2026-04-01,000333,10:54:33,76.9700,6,1
2026-04-01,000333,10:54:36,76.9600,1,2
2026-04-01,000333,10:54:39,76.9600,4,2
2026-04-01,000333,10:54:42,76.9500,54,2
2026-04-01,000333,10:54:45,76.9400,38,2
2026-04-01,000333,10:54:48,76.9400,58,2
2026-04-01,000333,10:54:51,76.9300,11,2
2026-04-01,000333,10:54:54,76.9100,6,2
2026-04-01,000333,10:55:00,76.9100,14,2
2026-04-01,000333,10:55:03,76.9200,9,1
2026-04-01,000333,10:55:06,76.8800,268,2
2026-04-01,000333,10:55:09,76.8800,5,2
2026-04-01,000333,10:55:12,76.8800,18,2
2026-04-01,000333,10:55:15,76.8800,1,2
2026-04-01,000333,10:55:18,76.8800,8,2
2026-04-01,000333,10:55:21,76.9000,4,1
2026-04-01,000333,10:55:24,76.8800,38,2
2026-04-01,000333,10:55:27,76.8800,16,2
2026-04-01,000333,10:55:30,76.8800,18,2
2026-04-01,000333,10:55:33,76.8900,16,1
2026-04-01,000333,10:55:36,76.8800,18,2
2026-04-01,000333,10:55:39,76.9100,65,1
2026-04-01,000333,10:55:42,76.9200,37,1
2026-04-01,000333,10:55:45,76.9200,12,1
2026-04-01,000333,10:55:48,76.9300,110,1
2026-04-01,000333,10:55:51,76.9300,52,1
2026-04-01,000333,10:55:54,76.9300,6,2
2026-04-01,000333,10:55:57,76.9500,128,1
2026-04-01,000333,10:56:00,76.9500,6,1
2026-04-01,000333,10:56:03,76.9500,68,2
2026-04-01,000333,10:56:06,76.9600,14,1
2026-04-01,000333,10:56:09,76.9400,98,2
2026-04-01,000333,10:56:12,76.9400,20,1
2026-04-01,000333,10:56:15,76.9200,15,2
2026-04-01,000333,10:56:18,76.9200,19,2
2026-04-01,000333,10:56:21,76.9200,14,2
2026-04-01,000333,10:56:24,76.9200,22,1
2026-04-01,000333,10:56:27,76.9100,33,4
2026-04-01,000333,10:56:30,76.9100,3,1
2026-04-01,000333,10:56:33,76.9000,14,2
2026-04-01,000333,10:56:36,76.8900,37,2
2026-04-01,000333,10:56:39,76.8900,27,2
2026-04-01,000333,10:56:42,76.9100,8,1
2026-04-01,000333,10:56:45,76.9000,8,2
2026-04-01,000333,10:56:48,76.9000,1,1
2026-04-01,000333,10:56:51,76.8900,16,2
2026-04-01,000333,10:56:54,76.9000,41,1
2026-04-01,000333,10:56:57,76.8900,3,2
2026-04-01,000333,10:57:03,76.8900,18,2
2026-04-01,000333,10:57:06,76.8900,8,2
2026-04-01,000333,10:57:09,76.9000,13,1
2026-04-01,000333,10:57:12,76.9000,3,1
2026-04-01,000333,10:57:15,76.9100,15,1
2026-04-01,000333,10:57:18,76.9200,2,1
2026-04-01,000333,10:57:21,76.9100,7,1
2026-04-01,000333,10:57:24,76.9200,3,1
2026-04-01,000333,10:57:27,76.9200,1,1
2026-04-01,000333,10:57:30,76.9200,1,1
2026-04-01,000333,10:57:33,76.9100,16,2
2026-04-01,000333,10:57:36,76.9100,57,2
2026-04-01,000333,10:57:39,76.9100,76,1
2026-04-01,000333,10:57:42,76.9400,10,1
2026-04-01,000333,10:57:45,76.9100,52,2
2026-04-01,000333,10:57:51,76.9000,24,2
2026-04-01,000333,10:57:54,76.9000,5,2
2026-04-01,000333,10:57:57,76.9000,108,2
2026-04-01,000333,10:58:00,76.9000,2,2
2026-04-01,000333,10:58:03,76.9000,5,2
2026-04-01,000333,10:58:06,76.9000,19,2
2026-04-01,000333,10:58:09,76.9100,40,1
2026-04-01,000333,10:58:12,76.9400,83,1
2026-04-01,000333,10:58:18,76.9300,14,2
2026-04-01,000333,10:58:21,76.9400,3,1
2026-04-01,000333,10:58:24,76.9400,2,1
2026-04-01,000333,10:58:27,76.9300,1,2
2026-04-01,000333,10:58:30,76.9400,8,1
2026-04-01,000333,10:58:33,76.9400,30,1
2026-04-01,000333,10:58:39,76.9400,13,1
2026-04-01,000333,10:58:42,76.9500,2,1
2026-04-01,000333,10:58:45,76.9500,16,1
2026-04-01,000333,10:58:48,76.9400,1,2
2026-04-01,000333,10:58:51,76.9400,76,2
2026-04-01,000333,10:58:54,76.9300,89,2
2026-04-01,000333,10:58:57,76.9300,147,1
2026-04-01,000333,10:59:00,76.9300,16,2
2026-04-01,000333,10:59:03,76.9500,140,1
2026-04-01,000333,10:59:06,76.9600,16,1
2026-04-01,000333,10:59:09,76.9700,20,1
2026-04-01,000333,10:59:12,76.9800,35,1
2026-04-01,000333,10:59:15,76.9800,8,1
2026-04-01,000333,10:59:18,76.9900,12,1
2026-04-01,000333,10:59:21,77.0000,59,1
2026-04-01,000333,10:59:24,76.9900,19,2
2026-04-01,000333,10:59:27,77.0000,9,1
2026-04-01,000333,10:59:30,77.0000,6,1
2026-04-01,000333,10:59:33,77.0000,7,1
2026-04-01,000333,10:59:36,77.0000,6,1
2026-04-01,000333,10:59:39,76.9900,5,2
2026-04-01,000333,10:59:42,76.9900,25,2
2026-04-01,000333,10:59:45,77.0000,18,1
2026-04-01,000333,10:59:48,77.0000,9,1
2026-04-01,000333,10:59:51,76.9900,29,2
2026-04-01,000333,10:59:54,76.9800,20,2
2026-04-01,000333,10:59:57,76.9800,50,2
2026-04-01,000333,11:00:00,76.9700,30,2
2026-04-01,000333,11:00:03,76.9800,10,1
2026-04-01,000333,11:00:06,76.9800,22,1
2026-04-01,000333,11:00:09,76.9700,4,2
2026-04-01,000333,11:00:12,76.9700,41,2
2026-04-01,000333,11:00:15,76.9700,15,1
2026-04-01,000333,11:00:18,76.9600,27,2
2026-04-01,000333,11:00:21,76.9600,20,1
2026-04-01,000333,11:00:24,76.9500,31,2
2026-04-01,000333,11:00:27,76.9400,34,2
2026-04-01,000333,11:00:33,76.9400,11,2
2026-04-01,000333,11:00:36,76.9500,24,1
2026-04-01,000333,11:00:39,76.9400,4,2
2026-04-01,000333,11:00:42,76.9500,56,1
2026-04-01,000333,11:00:45,76.9500,19,1
2026-04-01,000333,11:00:48,76.9600,21,1
2026-04-01,000333,11:00:51,76.9600,6,1
2026-04-01,000333,11:00:54,76.9500,5,2
2026-04-01,000333,11:00:57,76.9500,10,2
2026-04-01,000333,11:01:00,76.9700,35,1
2026-04-01,000333,11:01:03,76.9700,75,1
2026-04-01,000333,11:01:06,76.9900,70,1
2026-04-01,000333,11:01:09,76.9900,75,2
2026-04-01,000333,11:01:12,77.0100,32,1
2026-04-01,000333,11:01:15,76.9900,63,2
2026-04-01,000333,11:01:18,77.0100,19,1
2026-04-01,000333,11:01:21,77.0200,9,1
2026-04-01,000333,11:01:24,77.0200,1,1
2026-04-01,000333,11:01:27,77.0100,66,2
2026-04-01,000333,11:01:30,77.0200,48,1
2026-04-01,000333,11:01:33,77.0100,7,4
2026-04-01,000333,11:01:36,77.0100,17,1
2026-04-01,000333,11:01:39,77.0000,16,2
2026-04-01,000333,11:01:42,77.0100,11,1
2026-04-01,000333,11:01:45,76.9900,28,2
2026-04-01,000333,11:01:48,76.9800,48,2
2026-04-01,000333,11:01:51,76.9800,12,2
2026-04-01,000333,11:01:54,76.9700,3,2
2026-04-01,000333,11:01:57,76.9800,9,1
2026-04-01,000333,11:02:00,76.9800,2,1
2026-04-01,000333,11:02:03,76.9800,31,1
2026-04-01,000333,11:02:06,76.9800,26,1
2026-04-01,000333,11:02:09,76.9600,67,2
2026-04-01,000333,11:02:12,76.9600,66,2
2026-04-01,000333,11:02:15,76.9500,3,2
2026-04-01,000333,11:02:18,76.9600,7,1
2026-04-01,000333,11:02:21,76.9400,64,2
2026-04-01,000333,11:02:24,76.9400,39,2
2026-04-01,000333,11:02:27,76.9400,13,2
2026-04-01,000333,11:02:30,76.9400,11,2
2026-04-01,000333,11:02:33,76.9600,4,1
2026-04-01,000333,11:02:36,76.9400,10,2
2026-04-01,000333,11:02:39,76.9500,26,1
2026-04-01,000333,11:02:42,76.9400,6,1
2026-04-01,000333,11:02:45,76.9200,26,2
2026-04-01,000333,11:02:48,76.9100,35,2
2026-04-01,000333,11:02:51,76.9000,89,2
2026-04-01,000333,11:02:54,76.9000,18,1
2026-04-01,000333,11:02:57,76.9000,1,1
2026-04-01,000333,11:03:00,76.8900,31,2
2026-04-01,000333,11:03:03,76.8900,7,2
2026-04-01,000333,11:03:06,76.8900,20,2
2026-04-01,000333,11:03:09,76.8900,17,2
2026-04-01,000333,11:03:12,76.9000,2,1
2026-04-01,000333,11:03:15,76.9000,4,1
2026-04-01,000333,11:03:21,76.8900,27,2
2026-04-01,000333,11:03:24,76.9000,7,2
2026-04-01,000333,11:03:27,76.9000,29,2
2026-04-01,000333,11:03:30,76.8900,3,2
2026-04-01,000333,11:03:33,76.8900,38,2
2026-04-01,000333,11:03:36,76.8800,119,2
2026-04-01,000333,11:03:39,76.8800,34,4
2026-04-01,000333,11:03:42,76.8800,32,1
2026-04-01,000333,11:03:45,76.8700,22,2
2026-04-01,000333,11:03:48,76.8700,10,1
2026-04-01,000333,11:03:51,76.8700,17,1
2026-04-01,000333,11:03:54,76.8700,19,1
2026-04-01,000333,11:03:57,76.8800,230,1
2026-04-01,000333,11:04:00,76.8800,12,2
2026-04-01,000333,11:04:03,76.8900,47,1
2026-04-01,000333,11:04:06,76.8900,19,1
2026-04-01,000333,11:04:09,76.9000,1,1
2026-04-01,000333,11:04:12,76.9000,5,1
2026-04-01,000333,11:04:15,76.9000,18,1
2026-04-01,000333,11:04:18,76.9000,1,2
2026-04-01,000333,11:04:21,76.9200,11,1
2026-04-01,000333,11:04:24,76.9000,14,2
2026-04-01,000333,11:04:27,76.9200,40,1
2026-04-01,000333,11:04:30,76.9200,115,2
2026-04-01,000333,11:04:33,76.9000,4,2
2026-04-01,000333,11:04:36,76.9000,9,2
2026-04-01,000333,11:04:39,76.9000,13,1
2026-04-01,000333,11:04:42,76.9000,53,1
2026-04-01,000333,11:04:45,76.8800,119,2
2026-04-01,000333,11:04:48,76.8800,18,2
2026-04-01,000333,11:04:51,76.8800,78,2
2026-04-01,000333,11:04:54,76.8700,5,2
2026-04-01,000333,11:04:57,76.8800,4,1
2026-04-01,000333,11:05:00,76.8800,10,1
2026-04-01,000333,11:05:03,76.8800,4,1
2026-04-01,000333,11:05:06,76.8800,7,1
2026-04-01,000333,11:05:09,76.8800,16,1
2026-04-01,000333,11:05:12,76.8900,1,1
2026-04-01,000333,11:05:15,76.8800,10,2
2026-04-01,000333,11:05:18,76.8900,12,1
2026-04-01,000333,11:05:24,76.8800,16,2
2026-04-01,000333,11:05:27,76.8700,14,2
2026-04-01,000333,11:05:30,76.8800,14,1
2026-04-01,000333,11:05:33,76.8700,2,2
2026-04-01,000333,11:05:36,76.8700,16,2
2026-04-01,000333,11:05:39,76.8800,5,1
2026-04-01,000333,11:05:42,76.8800,71,1
2026-04-01,000333,11:05:48,76.9000,16,1
2026-04-01,000333,11:05:51,76.8900,17,2
2026-04-01,000333,11:05:54,76.9000,37,1
2026-04-01,000333,11:05:57,76.9000,18,1
2026-04-01,000333,11:06:00,76.9000,21,2
2026-04-01,000333,11:06:03,76.9100,1,1
2026-04-01,000333,11:06:06,76.8900,27,2
2026-04-01,000333,11:06:09,76.9000,40,1
2026-04-01,000333,11:06:12,76.9000,15,2
2026-04-01,000333,11:06:15,76.8800,28,2
2026-04-01,000333,11:06:18,76.8900,9,1
2026-04-01,000333,11:06:21,76.8700,16,2
2026-04-01,000333,11:06:24,76.8700,14,2
2026-04-01,000333,11:06:27,76.8800,14,1
2026-04-01,000333,11:06:30,76.8800,11,1
2026-04-01,000333,11:06:33,76.8700,12,2
2026-04-01,000333,11:06:36,76.8800,2,1
2026-04-01,000333,11:06:39,76.8800,14,1
2026-04-01,000333,11:06:42,76.8800,4,1
2026-04-01,000333,11:06:45,76.8700,2,2
2026-04-01,000333,11:06:48,76.8700,58,2
2026-04-01,000333,11:06:51,76.8800,4,1
2026-04-01,000333,11:06:54,76.8800,34,1
2026-04-01,000333,11:06:57,76.9000,5,1
2026-04-01,000333,11:07:00,76.8900,6,4
2026-04-01,000333,11:07:03,76.8900,19,2
2026-04-01,000333,11:07:06,76.9000,5,1
2026-04-01,000333,11:07:09,76.8900,5,2
2026-04-01,000333,11:07:12,76.9000,30,1
2026-04-01,000333,11:07:18,76.8900,24,2
2026-04-01,000333,11:07:21,76.8900,3,2
2026-04-01,000333,11:07:24,76.9000,59,1
2026-04-01,000333,11:07:27,76.8900,4,2
2026-04-01,000333,11:07:30,76.8900,36,2
2026-04-01,000333,11:07:33,76.8800,40,2
2026-04-01,000333,11:07:36,76.8900,39,1
2026-04-01,000333,11:07:39,76.8800,47,2
2026-04-01,000333,11:07:42,76.8800,58,2
2026-04-01,000333,11:07:45,76.8800,9,1
2026-04-01,000333,11:07:48,76.8700,5,2
2026-04-01,000333,11:07:54,76.8800,27,1
2026-04-01,000333,11:07:57,76.8800,13,1
2026-04-01,000333,11:08:00,76.8800,17,1
2026-04-01,000333,11:08:03,76.8700,10,2
2026-04-01,000333,11:08:06,76.8700,7,2
2026-04-01,000333,11:08:09,76.8700,1,2
2026-04-01,000333,11:08:12,76.8700,3,2
2026-04-01,000333,11:08:18,76.8700,13,2
2026-04-01,000333,11:08:21,76.8800,4,1
2026-04-01,000333,11:08:24,76.8800,1,1
2026-04-01,000333,11:08:27,76.8800,17,1
2026-04-01,000333,11:08:30,76.8700,45,2
2026-04-01,000333,11:08:33,76.8700,22,2
2026-04-01,000333,11:08:36,76.8800,2,1
2026-04-01,000333,11:08:39,76.8800,88,1
2026-04-01,000333,11:08:42,76.9200,209,1
2026-04-01,000333,11:08:45,76.9200,13,1
2026-04-01,000333,11:08:48,76.9300,95,1
2026-04-01,000333,11:08:51,76.9500,34,1
2026-04-01,000333,11:08:54,76.9400,32,1
2026-04-01,000333,11:08:57,76.9400,1,4
2026-04-01,000333,11:09:00,76.9500,3,1
2026-04-01,000333,11:09:03,76.9500,34,1
2026-04-01,000333,11:09:06,76.9600,29,1
2026-04-01,000333,11:09:09,76.9500,37,2
2026-04-01,000333,11:09:12,76.9400,96,2
2026-04-01,000333,11:09:15,76.9400,9,2
2026-04-01,000333,11:09:18,76.9300,19,2
2026-04-01,000333,11:09:21,76.9300,54,2
2026-04-01,000333,11:09:24,76.9200,54,2
2026-04-01,000333,11:09:27,76.9200,47,2
2026-04-01,000333,11:09:30,76.9200,24,1
2026-04-01,000333,11:09:33,76.9200,14,1
2026-04-01,000333,11:09:36,76.9000,78,2
2026-04-01,000333,11:09:39,76.9200,2,1
2026-04-01,000333,11:09:42,76.9200,18,1
2026-04-01,000333,11:09:45,76.9100,2,1
2026-04-01,000333,11:09:48,76.9100,46,1
2026-04-01,000333,11:09:51,76.9000,38,2
2026-04-01,000333,11:09:54,76.9100,36,1
2026-04-01,000333,11:09:57,76.9000,43,2
2026-04-01,000333,11:10:00,76.9000,15,4
2026-04-01,000333,11:10:03,76.9000,3,1
2026-04-01,000333,11:10:06,76.8900,14,2
2026-04-01,000333,11:10:09,76.8900,29,2
2026-04-01,000333,11:10:12,76.8900,8,2
2026-04-01,000333,11:10:15,76.8900,18,2
2026-04-01,000333,11:10:18,76.8900,49,2
2026-04-01,000333,11:10:21,76.8800,3,2
2026-04-01,000333,11:10:24,76.8900,5,1
2026-04-01,000333,11:10:27,76.8800,13,2
2026-04-01,000333,11:10:30,76.8700,64,2
2026-04-01,000333,11:10:33,76.8800,4,1
2026-04-01,000333,11:10:36,76.8800,1,1
2026-04-01,000333,11:10:39,76.8700,1,2
2026-04-01,000333,11:10:42,76.8800,2,1
2026-04-01,000333,11:10:45,76.8700,13,2
2026-04-01,000333,11:10:48,76.8700,79,2
2026-04-01,000333,11:10:51,76.8700,4,2
2026-04-01,000333,11:10:54,76.8700,29,1
2026-04-01,000333,11:10:57,76.8600,4,2
2026-04-01,000333,11:11:00,76.8600,14,2
2026-04-01,000333,11:11:03,76.8500,243,2
2026-04-01,000333,11:11:06,76.9000,657,1
2026-04-01,000333,11:11:09,76.9000,44,2
2026-04-01,000333,11:11:12,76.9000,8,2
2026-04-01,000333,11:11:15,76.9000,27,2
2026-04-01,000333,11:11:18,76.9100,20,1
2026-04-01,000333,11:11:21,76.9100,4,2
2026-04-01,000333,11:11:24,76.9100,13,2
2026-04-01,000333,11:11:27,76.9200,7,1
2026-04-01,000333,11:11:30,76.9100,4,2
2026-04-01,000333,11:11:33,76.9200,4,1
2026-04-01,000333,11:11:36,76.9100,80,2
2026-04-01,000333,11:11:39,76.9200,14,1
2026-04-01,000333,11:11:42,76.9200,15,1
2026-04-01,000333,11:11:45,76.9000,7,2
2026-04-01,000333,11:11:51,76.9100,1,1
2026-04-01,000333,11:11:54,76.9100,27,1
2026-04-01,000333,11:11:57,76.9000,14,2
2026-04-01,000333,11:12:00,76.9100,18,1
2026-04-01,000333,11:12:03,76.9100,8,2
2026-04-01,000333,11:12:06,76.9100,6,2
2026-04-01,000333,11:12:09,76.9200,6,1
2026-04-01,000333,11:12:12,76.9100,9,2
2026-04-01,000333,11:12:15,76.9100,9,2
2026-04-01,000333,11:12:18,76.9200,107,1
2026-04-01,000333,11:12:21,76.9300,100,4
2026-04-01,000333,11:12:24,76.9400,43,1
2026-04-01,000333,11:12:27,76.9400,40,1
2026-04-01,000333,11:12:30,76.9400,2,4
2026-04-01,000333,11:12:33,76.9500,8,1
2026-04-01,000333,11:12:36,76.9500,6,1
2026-04-01,000333,11:12:39,76.9400,5,2
2026-04-01,000333,11:12:42,76.9500,13,1
2026-04-01,000333,11:12:45,76.9400,14,2
2026-04-01,000333,11:12:48,76.9500,42,1
2026-04-01,000333,11:12:51,76.9400,112,2
2026-04-01,000333,11:12:54,76.9500,39,1
2026-04-01,000333,11:12:57,76.9300,37,2
2026-04-01,000333,11:13:00,76.9400,23,1
2026-04-01,000333,11:13:03,76.9300,14,2
2026-04-01,000333,11:13:06,76.9400,60,1
2026-04-01,000333,11:13:09,76.9300,36,4
2026-04-01,000333,11:13:12,76.9300,7,4
2026-04-01,000333,11:13:15,76.9200,22,2
2026-04-01,000333,11:13:18,76.9300,5,1
2026-04-01,000333,11:13:21,76.9200,24,2
2026-04-01,000333,11:13:24,76.9200,37,2
2026-04-01,000333,11:13:27,76.9200,23,2
2026-04-01,000333,11:13:30,76.9200,11,2
2026-04-01,000333,11:13:33,76.9400,14,1
2026-04-01,000333,11:13:36,76.9200,16,2
2026-04-01,000333,11:13:39,76.9200,14,1
2026-04-01,000333,11:13:42,76.9100,14,2
2026-04-01,000333,11:13:45,76.9100,5,2
2026-04-01,000333,11:13:48,76.9100,2,2
2026-04-01,000333,11:13:51,76.9200,1,1
2026-04-01,000333,11:13:54,76.9300,40,1
2026-04-01,000333,11:13:57,76.9100,12,2
2026-04-01,000333,11:14:00,76.9000,17,2
2026-04-01,000333,11:14:03,76.9100,40,1
2026-04-01,000333,11:14:06,76.9000,20,2
2026-04-01,000333,11:14:09,76.9000,10,2
2026-04-01,000333,11:14:12,76.9100,16,1
2026-04-01,000333,11:14:15,76.9100,9,2
2026-04-01,000333,11:14:18,76.9200,32,1
2026-04-01,000333,11:14:21,76.9100,4,4
2026-04-01,000333,11:14:24,76.9000,37,2
2026-04-01,000333,11:14:27,76.9100,12,1
2026-04-01,000333,11:14:30,76.9200,12,1
2026-04-01,000333,11:14:33,76.9000,13,2
2026-04-01,000333,11:14:36,76.9000,18,2
2026-04-01,000333,11:14:39,76.9200,7,1
2026-04-01,000333,11:14:42,76.9300,29,1
2026-04-01,000333,11:14:45,76.9200,14,2
2026-04-01,000333,11:14:48,76.9300,8,1
2026-04-01,000333,11:14:54,76.9200,39,1
2026-04-01,000333,11:14:57,76.9200,51,1
2026-04-01,000333,11:15:00,76.9100,36,1
2026-04-01,000333,11:15:03,76.9200,58,1
2026-04-01,000333,11:15:06,76.9200,3,1
2026-04-01,000333,11:15:09,76.9100,12,2
2026-04-01,000333,11:15:12,76.9200,16,1
2026-04-01,000333,11:15:15,76.9200,6,1
2026-04-01,000333,11:15:18,76.9100,6,2
2026-04-01,000333,11:15:21,76.9100,9,2
2026-04-01,000333,11:15:24,76.9100,5,2
2026-04-01,000333,11:15:27,76.9200,20,1
2026-04-01,000333,11:15:30,76.9100,10,2
2026-04-01,000333,11:15:33,76.9200,11,1
2026-04-01,000333,11:15:36,76.9100,11,2
2026-04-01,000333,11:15:39,76.9200,41,1
2026-04-01,000333,11:15:42,76.9100,40,1
2026-04-01,000333,11:15:45,76.9200,61,1
2026-04-01,000333,11:15:48,76.9100,34,1
2026-04-01,000333,11:15:51,76.9000,14,2
2026-04-01,000333,11:15:54,76.9000,11,1
2026-04-01,000333,11:15:57,76.9000,1,1
2026-04-01,000333,11:16:00,76.8900,7,2
2026-04-01,000333,11:16:03,76.8900,13,2
2026-04-01,000333,11:16:06,76.9000,1,1
2026-04-01,000333,11:16:09,76.8900,3,2
2026-04-01,000333,11:16:12,76.8900,7,2
2026-04-01,000333,11:16:15,76.9000,32,1
2026-04-01,000333,11:16:18,76.8900,6,2
2026-04-01,000333,11:16:21,76.8900,13,2
2026-04-01,000333,11:16:24,76.9000,1,1
2026-04-01,000333,11:16:27,76.8900,14,2
2026-04-01,000333,11:16:30,76.8900,5,2
2026-04-01,000333,11:16:33,76.9000,6,1
2026-04-01,000333,11:16:36,76.9000,7,1
2026-04-01,000333,11:16:39,76.8900,21,2
2026-04-01,000333,11:16:42,76.8900,8,2
2026-04-01,000333,11:16:45,76.9000,3,1
2026-04-01,000333,11:16:48,76.8900,5,2
2026-04-01,000333,11:16:51,76.8900,1,2
2026-04-01,000333,11:16:54,76.8900,3,2
2026-04-01,000333,11:16:57,76.8900,77,2
2026-04-01,000333,11:17:00,76.8900,67,2
2026-04-01,000333,11:17:03,76.8700,112,2
2026-04-01,000333,11:17:06,76.8700,224,2
2026-04-01,000333,11:17:09,76.8600,11,2
2026-04-01,000333,11:17:12,76.8600,9,2
2026-04-01,000333,11:17:15,76.8600,30,2
2026-04-01,000333,11:17:18,76.8700,21,1
2026-04-01,000333,11:17:21,76.8600,29,2
2026-04-01,000333,11:17:24,76.8500,92,2
2026-04-01,000333,11:17:27,76.8500,4,1
2026-04-01,000333,11:17:30,76.8300,90,2
2026-04-01,000333,11:17:33,76.8500,115,1
2026-04-01,000333,11:17:36,76.8300,62,2
2026-04-01,000333,11:17:39,76.8300,11,2
2026-04-01,000333,11:17:42,76.8400,25,1
2026-04-01,000333,11:17:45,76.8400,49,1
2026-04-01,000333,11:17:48,76.8500,48,1
2026-04-01,000333,11:17:51,76.8500,21,2
2026-04-01,000333,11:17:54,76.8600,37,1
2026-04-01,000333,11:17:57,76.8500,5,2
2026-04-01,000333,11:18:00,76.8500,21,2
2026-04-01,000333,11:18:03,76.8700,51,1
2026-04-01,000333,11:18:06,76.8700,52,1
2026-04-01,000333,11:18:09,76.8700,12,1
2026-04-01,000333,11:18:12,76.8700,18,1
2026-04-01,000333,11:18:15,76.8700,29,1
2026-04-01,000333,11:18:18,76.8800,47,1
2026-04-01,000333,11:18:21,76.8800,45,1
2026-04-01,000333,11:18:24,76.8700,25,2
2026-04-01,000333,11:18:27,76.8700,20,2
2026-04-01,000333,11:18:30,76.8800,2,1
2026-04-01,000333,11:18:33,76.8800,8,1
2026-04-01,000333,11:18:39,76.8800,15,1
2026-04-01,000333,11:18:42,76.8800,32,1
2026-04-01,000333,11:18:45,76.8800,4,1
2026-04-01,000333,11:18:48,76.8700,9,2
2026-04-01,000333,11:18:51,76.8700,8,2
2026-04-01,000333,11:18:54,76.8700,23,2
2026-04-01,000333,11:18:57,76.8800,7,1
2026-04-01,000333,11:19:00,76.8700,34,2
2026-04-01,000333,11:19:03,76.8600,16,2
2026-04-01,000333,11:19:06,76.8500,87,2
2026-04-01,000333,11:19:09,76.8500,42,2
2026-04-01,000333,11:19:12,76.8600,1,1
2026-04-01,000333,11:19:15,76.8500,2,2
2026-04-01,000333,11:19:18,76.8600,2,1
2026-04-01,000333,11:19:21,76.8500,14,2
2026-04-01,000333,11:19:24,76.8500,41,2
2026-04-01,000333,11:19:27,76.8600,4,1
2026-04-01,000333,11:19:30,76.8600,16,1
2026-04-01,000333,11:19:33,76.8600,1,1
2026-04-01,000333,11:19:36,76.8500,11,2
2026-04-01,000333,11:19:39,76.8500,3,4
2026-04-01,000333,11:19:42,76.8500,17,1
2026-04-01,000333,11:19:45,76.8500,4,1
2026-04-01,000333,11:19:48,76.8500,82,1
2026-04-01,000333,11:19:51,76.8600,30,1
2026-04-01,000333,11:19:54,76.8600,21,1
2026-04-01,000333,11:19:57,76.8600,35,1
2026-04-01,000333,11:20:00,76.8600,16,1
2026-04-01,000333,11:20:03,76.8700,27,1
2026-04-01,000333,11:20:06,76.8600,45,2
2026-04-01,000333,11:20:09,76.8700,6,1
2026-04-01,000333,11:20:12,76.8700,24,1
