date,code,time,price,volume,bs
2026-03-23,601318,14:07:07,57.3500,90,4
2026-03-23,601318,14:07:10,57.3400,42,2
2026-03-23,601318,14:07:13,57.3500,116,1
2026-03-23,601318,14:07:16,57.3400,131,2
2026-03-23,601318,14:07:19,57.3500,168,1
2026-03-23,601318,14:07:22,57.3500,70,1
2026-03-23,601318,14:07:25,57.3500,87,1
2026-03-23,601318,14:07:28,57.3400,103,2
2026-03-23,601318,14:07:31,57.3400,116,2
2026-03-23,601318,14:07:34,57.3500,249,1
2026-03-23,601318,14:07:37,57.3500,432,1
2026-03-23,601318,14:07:40,57.3500,166,1
2026-03-23,601318,14:07:43,57.3500,78,1
2026-03-23,601318,14:07:46,57.3500,57,1
2026-03-23,601318,14:07:49,57.3500,191,1
2026-03-23,601318,14:07:52,57.3500,345,1
2026-03-23,601318,14:07:55,57.3600,167,1
2026-03-23,601318,14:07:58,57.3600,67,1
2026-03-23,601318,14:08:01,57.3600,110,1
2026-03-23,601318,14:08:04,57.3700,409,1
2026-03-23,601318,14:08:07,57.3800,77,1
2026-03-23,601318,14:08:10,57.3600,335,2
2026-03-23,601318,14:08:13,57.3700,249,1
2026-03-23,601318,14:08:16,57.3700,204,1
2026-03-23,601318,14:08:19,57.3600,229,2
2026-03-23,601318,14:08:22,57.3800,311,1
2026-03-23,601318,14:08:25,57.3700,265,2
2026-03-23,601318,14:08:28,57.3700,86,1
2026-03-23,601318,14:08:31,57.3600,91,2
2026-03-23,601318,14:08:34,57.3600,534,2
2026-03-23,601318,14:08:37,57.3500,226,2
2026-03-23,601318,14:08:40,57.3500,108,2
2026-03-23,601318,14:08:43,57.3500,183,2
2026-03-23,601318,14:08:46,57.3300,966,2
2026-03-23,601318,14:08:49,57.3400,82,1
2026-03-23,601318,14:08:52,57.3300,354,2
2026-03-23,601318,14:08:55,57.3400,921,1
2026-03-23,601318,14:08:58,57.3100,258,2
2026-03-23,601318,14:09:01,57.3100,372,2
2026-03-23,601318,14:09:04,57.3200,69,4
2026-03-23,601318,14:09:07,57.3300,405,1
2026-03-23,601318,14:09:10,57.3500,460,1
2026-03-23,601318,14:09:13,57.3800,31,1
2026-03-23,601318,14:09:16,57.4000,369,1
2026-03-23,601318,14:09:19,57.4100,320,1
2026-03-23,601318,14:09:22,57.4000,90,4
2026-03-23,601318,14:09:25,57.4100,23,1
2026-03-23,601318,14:09:28,57.4100,69,1
2026-03-23,601318,14:09:31,57.4200,284,1
2026-03-23,601318,14:09:34,57.4200,251,1
2026-03-23,601318,14:09:37,57.4100,182,2
2026-03-23,601318,14:09:40,57.4100,70,1
2026-03-23,601318,14:09:43,57.4100,68,1
2026-03-23,601318,14:09:46,57.4100,170,1
2026-03-23,601318,14:09:49,57.4200,82,1
2026-03-23,601318,14:09:52,57.4200,75,1
2026-03-23,601318,14:09:55,57.4200,203,1
2026-03-23,601318,14:09:58,57.4300,64,1
2026-03-23,601318,14:10:01,57.4300,56,1
2026-03-23,601318,14:10:04,57.4300,71,1
2026-03-23,601318,14:10:07,57.4300,65,1
2026-03-23,601318,14:10:10,57.4300,177,1
2026-03-23,601318,14:10:13,57.3900,1157,2
2026-03-23,601318,14:10:16,57.3800,96,2
2026-03-23,601318,14:10:19,57.3800,56,1
2026-03-23,601318,14:10:22,57.3700,136,2
2026-03-23,601318,14:10:25,57.3800,106,1
2026-03-23,601318,14:10:28,57.3800,255,2
2026-03-23,601318,14:10:31,57.3800,22,1
2026-03-23,601318,14:10:34,57.3800,152,1
2026-03-23,601318,14:10:37,57.3800,64,1
2026-03-23,601318,14:10:40,57.3800,137,1
2026-03-23,601318,14:10:43,57.3800,49,2
2026-03-23,601318,14:10:46,57.3800,136,2
2026-03-23,601318,14:10:49,57.3700,544,2
2026-03-23,601318,14:10:52,57.3800,260,1
2026-03-23,601318,14:10:55,57.3800,112,1
2026-03-23,601318,14:10:58,57.3800,189,1
2026-03-23,601318,14:11:01,57.3600,106,2
2026-03-23,601318,14:11:04,57.3700,44,4
2026-03-23,601318,14:11:07,57.3700,184,2
2026-03-23,601318,14:11:10,57.3700,377,4
2026-03-23,601318,14:11:13,57.3700,559,1
2026-03-23,601318,14:11:16,57.3900,15,4
2026-03-23,601318,14:11:19,57.4000,29,1
2026-03-23,601318,14:11:22,57.3800,59,2
2026-03-23,601318,14:11:25,57.3900,63,4
2026-03-23,601318,14:11:28,57.3900,40,1
2026-03-23,601318,14:11:31,57.3900,41,1
2026-03-23,601318,14:11:34,57.3900,8,1
2026-03-23,601318,14:11:37,57.3900,26,1
2026-03-23,601318,14:11:40,57.3900,20,1
2026-03-23,601318,14:11:43,57.3900,317,1
2026-03-23,601318,14:11:46,57.3900,92,1
2026-03-23,601318,14:11:49,57.3900,67,1
2026-03-23,601318,14:11:52,57.3900,69,1
2026-03-23,601318,14:11:55,57.3900,93,1
2026-03-23,601318,14:11:58,57.4500,840,1
2026-03-23,601318,14:12:01,57.4200,236,2
2026-03-23,601318,14:12:04,57.4300,44,1
2026-03-23,601318,14:12:07,57.4300,43,1
2026-03-23,601318,14:12:10,57.4200,180,2
2026-03-23,601318,14:12:13,57.4000,37,2
2026-03-23,601318,14:12:16,57.4000,94,1
2026-03-23,601318,14:12:19,57.4000,90,1
2026-03-23,601318,14:12:22,57.4000,85,1
2026-03-23,601318,14:12:25,57.3900,349,2
2026-03-23,601318,14:12:28,57.3900,43,1
2026-03-23,601318,14:12:31,57.3900,45,1
2026-03-23,601318,14:12:34,57.3900,51,1
2026-03-23,601318,14:12:37,57.3900,87,1
2026-03-23,601318,14:12:40,57.3900,96,1
2026-03-23,601318,14:12:43,57.3800,266,2
2026-03-23,601318,14:12:46,57.3700,56,2
2026-03-23,601318,14:12:49,57.3700,209,1
2026-03-23,601318,14:12:52,57.3600,48,2
2026-03-23,601318,14:12:55,57.3700,23,1
2026-03-23,601318,14:12:58,57.3600,63,2
2026-03-23,601318,14:13:01,57.3600,244,2
2026-03-23,601318,14:13:04,57.3700,110,1
2026-03-23,601318,14:13:07,57.3500,595,2
2026-03-23,601318,14:13:10,57.3700,72,1
2026-03-23,601318,14:13:13,57.3800,593,1
2026-03-23,601318,14:13:16,57.3700,120,2
2026-03-23,601318,14:13:19,57.3800,47,1
2026-03-23,601318,14:13:22,57.3800,224,1
2026-03-23,601318,14:13:25,57.3800,192,1
2026-03-23,601318,14:13:28,57.3700,476,2
2026-03-23,601318,14:13:31,57.3600,112,2
2026-03-23,601318,14:13:34,57.3700,99,1
2026-03-23,601318,14:13:37,57.3600,224,2
2026-03-23,601318,14:13:40,57.3600,68,2
2026-03-23,601318,14:13:43,57.3700,60,1
2026-03-23,601318,14:13:46,57.3700,415,1
2026-03-23,601318,14:13:49,57.3600,137,2
2026-03-23,601318,14:13:52,57.3600,158,1
2026-03-23,601318,14:13:55,57.3600,146,1
2026-03-23,601318,14:13:58,57.3500,660,2
2026-03-23,601318,14:14:01,57.3400,62,2
2026-03-23,601318,14:14:04,57.3500,86,1
2026-03-23,601318,14:14:07,57.3400,180,2
2026-03-23,601318,14:14:10,57.3500,85,1
2026-03-23,601318,14:14:13,57.3500,31,1
2026-03-23,601318,14:14:16,57.3500,289,1
2026-03-23,601318,14:14:19,57.3600,812,1
2026-03-23,601318,14:14:22,57.3600,91,1
2026-03-23,601318,14:14:25,57.3600,209,1
2026-03-23,601318,14:14:28,57.3600,137,1
2026-03-23,601318,14:14:31,57.3700,382,1
2026-03-23,601318,14:14:34,57.3700,58,1
2026-03-23,601318,14:14:37,57.3600,160,2
2026-03-23,601318,14:14:40,57.3600,213,2
2026-03-23,601318,14:14:43,57.3600,91,1
2026-03-23,601318,14:14:46,57.3500,53,2
2026-03-23,601318,14:14:49,57.3400,21,2
2026-03-23,601318,14:14:52,57.3500,75,1
2026-03-23,601318,14:14:55,57.3500,158,1
2026-03-23,601318,14:14:58,57.3600,301,1
2026-03-23,601318,14:15:01,57.3600,532,1
2026-03-23,601318,14:15:04,57.3600,347,1
2026-03-23,601318,14:15:07,57.3700,157,1
2026-03-23,601318,14:15:10,57.3700,766,1
2026-03-23,601318,14:15:13,57.4100,852,1
2026-03-23,601318,14:15:16,57.4200,127,1
2026-03-23,601318,14:15:19,57.4100,357,2
2026-03-23,601318,14:15:22,57.4200,78,1
2026-03-23,601318,14:15:25,57.4100,90,4
2026-03-23,601318,14:15:28,57.4100,101,2
2026-03-23,601318,14:15:31,57.3900,258,2
2026-03-23,601318,14:15:34,57.3700,257,2
2026-03-23,601318,14:15:37,57.3700,57,2
2026-03-23,601318,14:15:40,57.3800,67,1
2026-03-23,601318,14:15:43,57.3800,51,1
2026-03-23,601318,14:15:46,57.3800,375,1
2026-03-23,601318,14:15:49,57.3800,130,1
2026-03-23,601318,14:15:52,57.3900,75,1
2026-03-23,601318,14:15:55,57.3900,26,1
2026-03-23,601318,14:15:58,57.3900,147,1
2026-03-23,601318,14:16:01,57.4000,47,1
2026-03-23,601318,14:16:04,57.4000,128,1
2026-03-23,601318,14:16:07,57.4000,129,1
2026-03-23,601318,14:16:10,57.4100,152,1
2026-03-23,601318,14:16:13,57.4000,107,2
2026-03-23,601318,14:16:16,57.4200,86,1
2026-03-23,601318,14:16:19,57.4500,69,1
2026-03-23,601318,14:16:22,57.4500,45,1
2026-03-23,601318,14:16:25,57.4400,165,2
2026-03-23,601318,14:16:28,57.4200,173,2
2026-03-23,601318,14:16:31,57.4100,502,2
2026-03-23,601318,14:16:34,57.3800,664,2
2026-03-23,601318,14:16:37,57.3700,708,2
2026-03-23,601318,14:16:40,57.3800,162,1
2026-03-23,601318,14:16:43,57.3800,65,1
2026-03-23,601318,14:16:46,57.3700,101,2
2026-03-23,601318,14:16:49,57.3700,96,4
2026-03-23,601318,14:16:52,57.3700,43,1
2026-03-23,601318,14:16:55,57.3700,145,1
2026-03-23,601318,14:16:58,57.3500,237,2
2026-03-23,601318,14:17:01,57.3500,346,2
2026-03-23,601318,14:17:04,57.3600,325,1
2026-03-23,601318,14:17:07,57.3400,148,2
2026-03-23,601318,14:17:10,57.3500,137,1
2026-03-23,601318,14:17:13,57.3300,485,2
2026-03-23,601318,14:17:16,57.3100,967,2
2026-03-23,601318,14:17:19,57.3100,547,2
2026-03-23,601318,14:17:22,57.3100,276,1
2026-03-23,601318,14:17:25,57.3100,866,1
2026-03-23,601318,14:17:28,57.3100,236,1
2026-03-23,601318,14:17:31,57.3000,542,2
2026-03-23,601318,14:17:34,57.3000,2110,2
2026-03-23,601318,14:17:37,57.2800,234,2
2026-03-23,601318,14:17:40,57.2900,372,1
2026-03-23,601318,14:17:43,57.2800,72,2
2026-03-23,601318,14:17:46,57.2900,60,1
2026-03-23,601318,14:17:49,57.2800,91,2
2026-03-23,601318,14:17:52,57.2800,69,2
2026-03-23,601318,14:17:55,57.2800,606,2
2026-03-23,601318,14:17:58,57.2800,96,2
2026-03-23,601318,14:18:01,57.2900,63,1
2026-03-23,601318,14:18:04,57.2800,66,2
2026-03-23,601318,14:18:07,57.2900,198,1
2026-03-23,601318,14:18:10,57.2900,241,2
2026-03-23,601318,14:18:13,57.2900,104,2
2026-03-23,601318,14:18:16,57.2900,44,2
2026-03-23,601318,14:18:19,57.2900,166,2
2026-03-23,601318,14:18:22,57.3000,93,1
2026-03-23,601318,14:18:25,57.2700,392,2
2026-03-23,601318,14:18:28,57.2900,149,1
2026-03-23,601318,14:18:31,57.2600,162,2
2026-03-23,601318,14:18:34,57.2700,188,1
2026-03-23,601318,14:18:37,57.2700,211,1
2026-03-23,601318,14:18:40,57.2700,751,1
2026-03-23,601318,14:18:43,57.2700,102,4
2026-03-23,601318,14:18:46,57.2800,11,1
2026-03-23,601318,14:18:49,57.2700,20,2
2026-03-23,601318,14:18:52,57.2800,46,1
2026-03-23,601318,14:18:55,57.2800,308,1
2026-03-23,601318,14:18:58,57.2700,611,2
2026-03-23,601318,14:19:01,57.2800,99,2
2026-03-23,601318,14:19:04,57.3000,1349,1
2026-03-23,601318,14:19:07,57.3100,114,1
2026-03-23,601318,14:19:10,57.3300,46,1
2026-03-23,601318,14:19:13,57.3400,25,1
2026-03-23,601318,14:19:16,57.3400,134,1
2026-03-23,601318,14:19:19,57.3300,96,2
2026-03-23,601318,14:19:22,57.3200,176,2
2026-03-23,601318,14:19:25,57.3400,51,1
2026-03-23,601318,14:19:28,57.3400,27,2
2026-03-23,601318,14:19:31,57.3500,154,1
2026-03-23,601318,14:19:34,57.3500,17,2
2026-03-23,601318,14:19:37,57.3500,677,2
2026-03-23,601318,14:19:40,57.3500,142,2
2026-03-23,601318,14:19:43,57.3400,49,1
2026-03-23,601318,14:19:46,57.3300,66,2
2026-03-23,601318,14:19:49,57.3400,54,1
2026-03-23,601318,14:19:52,57.3500,224,1
2026-03-23,601318,14:19:55,57.3500,36,1
2026-03-23,601318,14:19:58,57.3500,201,1
2026-03-23,601318,14:20:01,57.3500,184,1
2026-03-23,601318,14:20:04,57.3500,370,1
2026-03-23,601318,14:20:07,57.3500,113,2
2026-03-23,601318,14:20:10,57.3700,59,1
2026-03-23,601318,14:20:13,57.3700,41,1
2026-03-23,601318,14:20:16,57.3700,103,1
2026-03-23,601318,14:20:19,57.3700,405,1
2026-03-23,601318,14:20:22,57.3700,177,1
2026-03-23,601318,14:20:25,57.3700,79,1
2026-03-23,601318,14:20:28,57.3800,230,1
2026-03-23,601318,14:20:31,57.3700,125,2
2026-03-23,601318,14:20:34,57.3800,50,1
2026-03-23,601318,14:20:37,57.3800,113,2
2026-03-23,601318,14:20:40,57.3700,298,2
2026-03-23,601318,14:20:43,57.3800,110,1
2026-03-23,601318,14:20:46,57.3600,223,2
2026-03-23,601318,14:20:49,57.3800,110,1
2026-03-23,601318,14:20:52,57.3600,289,2
2026-03-23,601318,14:20:55,57.3600,241,2
2026-03-23,601318,14:20:58,57.3500,580,2
2026-03-23,601318,14:21:01,57.3500,219,2
2026-03-23,601318,14:21:04,57.3300,98,2
2026-03-23,601318,14:21:07,57.3400,376,1
2026-03-23,601318,14:21:10,57.3400,50,1
2026-03-23,601318,14:21:13,57.3200,257,2
2026-03-23,601318,14:21:16,57.3200,93,1
2026-03-23,601318,14:21:19,57.3200,99,1
2026-03-23,601318,14:21:22,57.3300,353,1
2026-03-23,601318,14:21:25,57.3200,169,2
2026-03-23,601318,14:21:28,57.3000,278,2
2026-03-23,601318,14:21:31,57.3100,82,1
2026-03-23,601318,14:21:34,57.3000,126,2
2026-03-23,601318,14:21:37,57.3100,174,1
2026-03-23,601318,14:21:40,57.3100,71,1
2026-03-23,601318,14:21:43,57.3100,128,1
2026-03-23,601318,14:21:46,57.3000,40,4
2026-03-23,601318,14:21:49,57.3300,84,1
2026-03-23,601318,14:21:52,57.3200,135,2
2026-03-23,601318,14:21:55,57.3000,300,2
2026-03-23,601318,14:21:58,57.3300,49,1
2026-03-23,601318,14:22:01,57.3200,46,4
2026-03-23,601318,14:22:04,57.3300,61,1
2026-03-23,601318,14:22:07,57.3200,191,2
2026-03-23,601318,14:22:10,57.3100,70,2
2026-03-23,601318,14:22:13,57.3100,51,2
2026-03-23,601318,14:22:16,57.3000,366,2
2026-03-23,601318,14:22:19,57.3000,239,1
2026-03-23,601318,14:22:22,57.3000,535,1
2026-03-23,601318,14:22:25,57.2900,121,2
2026-03-23,601318,14:22:28,57.2900,118,1
2026-03-23,601318,14:22:31,57.2900,116,2
2026-03-23,601318,14:22:34,57.2900,40,1
2026-03-23,601318,14:22:37,57.2800,221,2
2026-03-23,601318,14:22:40,57.2900,70,4
2026-03-23,601318,14:22:43,57.2900,184,1
2026-03-23,601318,14:22:46,57.3000,111,1
2026-03-23,601318,14:22:49,57.2800,177,2
2026-03-23,601318,14:22:52,57.2900,823,1
2026-03-23,601318,14:22:55,57.2800,233,4
2026-03-23,601318,14:22:58,57.2700,276,2
2026-03-23,601318,14:23:01,57.2800,737,1
2026-03-23,601318,14:23:04,57.2700,224,2
2026-03-23,601318,14:23:07,57.2600,469,4
2026-03-23,601318,14:23:10,57.2700,301,1
2026-03-23,601318,14:23:13,57.2600,534,4
2026-03-23,601318,14:23:16,57.2600,186,1
2026-03-23,601318,14:23:19,57.2600,67,1
2026-03-23,601318,14:23:22,57.2700,236,1
2026-03-23,601318,14:23:25,57.2800,241,1
2026-03-23,601318,14:23:28,57.2800,83,1
2026-03-23,601318,14:23:31,57.2800,121,2
2026-03-23,601318,14:23:34,57.2800,46,2
2026-03-23,601318,14:23:37,57.2900,126,1
2026-03-23,601318,14:23:40,57.3000,270,1
2026-03-23,601318,14:23:43,57.3000,286,2
2026-03-23,601318,14:23:46,57.3100,1283,1
2026-03-23,601318,14:23:49,57.3300,2059,1
2026-03-23,601318,14:23:52,57.3400,137,1
2026-03-23,601318,14:23:55,57.3600,142,1
2026-03-23,601318,14:23:58,57.3700,115,1
2026-03-23,601318,14:24:01,57.3800,987,1
2026-03-23,601318,14:24:04,57.4200,1290,1
2026-03-23,601318,14:24:07,57.4600,318,1
2026-03-23,601318,14:24:10,57.5100,810,1
2026-03-23,601318,14:24:13,57.5500,437,1
2026-03-23,601318,14:24:16,57.5400,394,1
2026-03-23,601318,14:24:19,57.5200,244,2
2026-03-23,601318,14:24:22,57.5200,363,1
2026-03-23,601318,14:24:25,57.5200,188,1
2026-03-23,601318,14:24:28,57.4900,155,2
2026-03-23,601318,14:24:31,57.5200,146,1
2026-03-23,601318,14:24:34,57.5200,165,1
2026-03-23,601318,14:24:37,57.4900,150,2
2026-03-23,601318,14:24:40,57.5200,255,1
2026-03-23,601318,14:24:43,57.5300,253,1
2026-03-23,601318,14:24:46,57.5300,760,1
2026-03-23,601318,14:24:49,57.4800,644,2
2026-03-23,601318,14:24:52,57.4800,162,1
2026-03-23,601318,14:24:55,57.5000,838,1
2026-03-23,601318,14:24:58,57.4900,81,2
2026-03-23,601318,14:25:01,57.5000,347,1
2026-03-23,601318,14:25:04,57.4900,468,2
2026-03-23,601318,14:25:07,57.4800,307,2
2026-03-23,601318,14:25:10,57.4800,174,1
2026-03-23,601318,14:25:13,57.4600,376,2
2026-03-23,601318,14:25:16,57.4500,123,2
2026-03-23,601318,14:25:19,57.4700,42,1
2026-03-23,601318,14:25:22,57.4500,131,2
2026-03-23,601318,14:25:25,57.4600,225,1
2026-03-23,601318,14:25:28,57.4800,246,1
2026-03-23,601318,14:25:31,57.5000,240,1
2026-03-23,601318,14:25:34,57.5000,118,1
2026-03-23,601318,14:25:37,57.5000,166,1
2026-03-23,601318,14:25:40,57.5100,64,1
2026-03-23,601318,14:25:43,57.5100,114,1
2026-03-23,601318,14:25:46,57.5200,67,1
2026-03-23,601318,14:25:49,57.5200,118,1
2026-03-23,601318,14:25:52,57.5300,57,1
2026-03-23,601318,14:25:55,57.5400,110,1
2026-03-23,601318,14:25:58,57.5400,240,4
2026-03-23,601318,14:26:01,57.5300,401,2
2026-03-23,601318,14:26:04,57.5600,50,1
2026-03-23,601318,14:26:07,57.5600,383,1
2026-03-23,601318,14:26:10,57.5600,692,2
2026-03-23,601318,14:26:13,57.5400,50,2
2026-03-23,601318,14:26:16,57.5300,272,2
2026-03-23,601318,14:26:19,57.5300,88,2
2026-03-23,601318,14:26:22,57.5400,201,1
2026-03-23,601318,14:26:25,57.5300,388,1
2026-03-23,601318,14:26:28,57.5200,510,2
2026-03-23,601318,14:26:31,57.5300,304,1
2026-03-23,601318,14:26:34,57.4900,207,2
2026-03-23,601318,14:26:37,57.5000,74,1
2026-03-23,601318,14:26:40,57.5000,779,1
2026-03-23,601318,14:26:43,57.5000,582,1
2026-03-23,601318,14:26:46,57.5000,393,2
2026-03-23,601318,14:26:49,57.4900,120,2
2026-03-23,601318,14:26:52,57.5200,294,1
2026-03-23,601318,14:26:55,57.5200,126,1
2026-03-23,601318,14:26:58,57.5000,299,2
2026-03-23,601318,14:27:01,57.4900,238,2
2026-03-23,601318,14:27:04,57.5100,1047,1
2026-03-23,601318,14:27:07,57.5500,769,1
2026-03-23,601318,14:27:10,57.5500,342,1
2026-03-23,601318,14:27:13,57.5500,112,1
2026-03-23,601318,14:27:16,57.5600,54,1
2026-03-23,601318,14:27:19,57.5600,65,1
2026-03-23,601318,14:27:22,57.5700,160,1
2026-03-23,601318,14:27:25,57.5700,294,1
2026-03-23,601318,14:27:28,57.5800,215,1
2026-03-23,601318,14:27:31,57.5800,172,2
2026-03-23,601318,14:27:34,57.5900,320,1
2026-03-23,601318,14:27:37,57.5800,259,1
2026-03-23,601318,14:27:40,57.5500,326,2
2026-03-23,601318,14:27:43,57.5600,232,1
2026-03-23,601318,14:27:46,57.5500,201,2
2026-03-23,601318,14:27:49,57.5700,102,1
2026-03-23,601318,14:27:52,57.5600,161,2
2026-03-23,601318,14:27:55,57.5400,228,2
2026-03-23,601318,14:27:58,57.5500,447,1
2026-03-23,601318,14:28:01,57.5400,120,2
2026-03-23,601318,14:28:04,57.5400,373,2
2026-03-23,601318,14:28:07,57.5500,168,1
2026-03-23,601318,14:28:10,57.5600,191,1
2026-03-23,601318,14:28:13,57.5600,41,1
2026-03-23,601318,14:28:16,57.5600,82,1
2026-03-23,601318,14:28:19,57.5600,119,1
2026-03-23,601318,14:28:22,57.5600,96,1
2026-03-23,601318,14:28:25,57.5700,112,1
2026-03-23,601318,14:28:28,57.5700,66,1
2026-03-23,601318,14:28:31,57.5600,125,2
2026-03-23,601318,14:28:34,57.5700,218,1
2026-03-23,601318,14:28:37,57.5700,582,2
2026-03-23,601318,14:28:40,57.5400,577,2
2026-03-23,601318,14:28:43,57.5600,64,1
2026-03-23,601318,14:28:46,57.5500,43,4
2026-03-23,601318,14:28:49,57.5600,43,1
2026-03-23,601318,14:28:52,57.5400,236,2
2026-03-23,601318,14:28:55,57.5400,132,2
2026-03-23,601318,14:28:58,57.5500,33,1
2026-03-23,601318,14:29:01,57.5500,126,1
2026-03-23,601318,14:29:04,57.5500,429,1
2026-03-23,601318,14:29:07,57.5300,190,2
2026-03-23,601318,14:29:10,57.5200,309,2
2026-03-23,601318,14:29:13,57.5100,359,2
2026-03-23,601318,14:29:16,57.4900,123,2
2026-03-23,601318,14:29:19,57.5100,87,1
2026-03-23,601318,14:29:22,57.5000,413,2
2026-03-23,601318,14:29:25,57.5000,267,2
2026-03-23,601318,14:29:28,57.5000,112,2
2026-03-23,601318,14:29:31,57.4700,223,2
2026-03-23,601318,14:29:34,57.4600,334,2
2026-03-23,601318,14:29:37,57.4600,76,1
2026-03-23,601318,14:29:40,57.4600,124,1
2026-03-23,601318,14:29:43,57.4600,89,1
2026-03-23,601318,14:29:46,57.4600,56,1
2026-03-23,601318,14:29:49,57.4600,241,1
2026-03-23,601318,14:29:52,57.4700,180,1
2026-03-23,601318,14:29:55,57.4700,31,1
2026-03-23,601318,14:29:58,57.4600,247,2
2026-03-23,601318,14:30:01,57.4700,63,1
2026-03-23,601318,14:30:04,57.4700,46,1
2026-03-23,601318,14:30:07,57.4700,110,1
2026-03-23,601318,14:30:10,57.4600,266,2
2026-03-23,601318,14:30:13,57.4600,399,2
2026-03-23,601318,14:30:16,57.4500,221,2
2026-03-23,601318,14:30:19,57.4500,113,2
2026-03-23,601318,14:30:22,57.4500,85,1
2026-03-23,601318,14:30:25,57.4400,71,2
2026-03-23,601318,14:30:28,57.4600,150,1
2026-03-23,601318,14:30:31,57.4500,75,2
2026-03-23,601318,14:30:34,57.4500,267,2
2026-03-23,601318,14:30:37,57.4400,240,2
2026-03-23,601318,14:30:40,57.4400,232,2
2026-03-23,601318,14:30:43,57.4500,213,1
2026-03-23,601318,14:30:46,57.4500,685,1
2026-03-23,601318,14:30:49,57.4400,208,2
2026-03-23,601318,14:30:52,57.4400,239,1
2026-03-23,601318,14:30:55,57.4300,83,2
2026-03-23,601318,14:30:58,57.4400,125,1
2026-03-23,601318,14:31:01,57.4300,109,2
2026-03-23,601318,14:31:04,57.4600,221,1
2026-03-23,601318,14:31:07,57.4500,125,2
2026-03-23,601318,14:31:10,57.4600,296,1
2026-03-23,601318,14:31:13,57.5000,382,1
2026-03-23,601318,14:31:16,57.5100,164,1
2026-03-23,601318,14:31:19,57.5300,310,1
2026-03-23,601318,14:31:22,57.5200,78,2
2026-03-23,601318,14:31:25,57.5500,39,1
2026-03-23,601318,14:31:28,57.5200,187,2
2026-03-23,601318,14:31:31,57.5300,314,1
2026-03-23,601318,14:31:34,57.5200,108,2
2026-03-23,601318,14:31:37,57.5000,723,2
2026-03-23,601318,14:31:40,57.5000,245,2
2026-03-23,601318,14:31:43,57.4900,166,4
2026-03-23,601318,14:31:46,57.5000,59,2
2026-03-23,601318,14:31:49,57.5000,233,1
2026-03-23,601318,14:31:52,57.5000,146,1
2026-03-23,601318,14:31:55,57.5000,106,2
2026-03-23,601318,14:31:58,57.5000,202,2
2026-03-23,601318,14:32:01,57.5300,132,1
2026-03-23,601318,14:32:04,57.5500,381,1
2026-03-23,601318,14:32:07,57.5500,160,1
2026-03-23,601318,14:32:10,57.5400,470,2
2026-03-23,601318,14:32:13,57.5400,140,1
2026-03-23,601318,14:32:16,57.5400,391,1
2026-03-23,601318,14:32:19,57.5000,165,2
2026-03-23,601318,14:32:22,57.5000,128,1
2026-03-23,601318,14:32:25,57.4900,218,2
2026-03-23,601318,14:32:28,57.4700,180,2
2026-03-23,601318,14:32:31,57.4600,29,2
2026-03-23,601318,14:32:34,57.4600,320,2
2026-03-23,601318,14:32:37,57.4600,114,1
2026-03-23,601318,14:32:40,57.4600,517,1
2026-03-23,601318,14:32:43,57.5200,141,1
2026-03-23,601318,14:32:46,57.5000,161,2
2026-03-23,601318,14:32:49,57.4900,102,1
2026-03-23,601318,14:32:52,57.4900,186,1
2026-03-23,601318,14:32:55,57.4900,258,4
2026-03-23,601318,14:32:58,57.4800,198,2
2026-03-23,601318,14:33:01,57.4900,164,1
2026-03-23,601318,14:33:04,57.4900,128,1
2026-03-23,601318,14:33:07,57.4900,84,2
2026-03-23,601318,14:33:10,57.5000,72,1
2026-03-23,601318,14:33:13,57.5100,55,1
2026-03-23,601318,14:33:16,57.5100,112,2
2026-03-23,601318,14:33:19,57.5100,184,4
2026-03-23,601318,14:33:22,57.5000,57,4
2026-03-23,601318,14:33:25,57.5100,218,1
2026-03-23,601318,14:33:28,57.5100,383,2
2026-03-23,601318,14:33:31,57.4800,535,2
2026-03-23,601318,14:33:34,57.4900,120,2
2026-03-23,601318,14:33:37,57.4900,102,1
2026-03-23,601318,14:33:40,57.4900,44,1
2026-03-23,601318,14:33:43,57.4900,200,1
2026-03-23,601318,14:33:46,57.4900,103,1
2026-03-23,601318,14:33:49,57.5000,58,1
2026-03-23,601318,14:33:52,57.5000,9,1
2026-03-23,601318,14:33:55,57.5000,112,1
2026-03-23,601318,14:33:58,57.5000,86,1
2026-03-23,601318,14:34:01,57.5000,548,1
2026-03-23,601318,14:34:04,57.4900,389,4
2026-03-23,601318,14:34:07,57.4800,96,2
2026-03-23,601318,14:34:10,57.5000,342,1
2026-03-23,601318,14:34:13,57.4900,68,1
2026-03-23,601318,14:34:16,57.4600,445,2
2026-03-23,601318,14:34:19,57.4600,457,1
2026-03-23,601318,14:34:22,57.4500,90,1
2026-03-23,601318,14:34:25,57.4300,41,2
2026-03-23,601318,14:34:28,57.4300,99,1
2026-03-23,601318,14:34:31,57.4400,213,1
2026-03-23,601318,14:34:34,57.4600,204,1
2026-03-23,601318,14:34:37,57.4500,126,1
2026-03-23,601318,14:34:40,57.4400,109,2
2026-03-23,601318,14:34:43,57.4400,214,2
2026-03-23,601318,14:34:46,57.4500,246,1
2026-03-23,601318,14:34:49,57.4400,400,2
2026-03-23,601318,14:34:52,57.4400,222,2
2026-03-23,601318,14:34:55,57.4400,384,1
2026-03-23,601318,14:34:58,57.4300,252,2
2026-03-23,601318,14:35:01,57.4200,186,2
2026-03-23,601318,14:35:04,57.4100,176,2
2026-03-23,601318,14:35:07,57.4000,164,2
2026-03-23,601318,14:35:10,57.4100,54,1
2026-03-23,601318,14:35:13,57.4100,56,1
2026-03-23,601318,14:35:16,57.4000,59,2
2026-03-23,601318,14:35:19,57.4000,419,2
2026-03-23,601318,14:35:22,57.4200,273,2
2026-03-23,601318,14:35:25,57.4100,109,4
2026-03-23,601318,14:35:28,57.4200,101,1
2026-03-23,601318,14:35:31,57.4200,148,1
2026-03-23,601318,14:35:34,57.4200,126,1
2026-03-23,601318,14:35:37,57.4200,111,1
2026-03-23,601318,14:35:40,57.4100,316,2
2026-03-23,601318,14:35:43,57.4300,70,1
2026-03-23,601318,14:35:46,57.4200,221,2
2026-03-23,601318,14:35:49,57.4100,1412,2
2026-03-23,601318,14:35:52,57.3800,367,2
2026-03-23,601318,14:35:55,57.3700,205,2
2026-03-23,601318,14:35:58,57.3700,90,1
2026-03-23,601318,14:36:01,57.3800,341,1
2026-03-23,601318,14:36:04,57.3900,671,1
2026-03-23,601318,14:36:07,57.3900,184,2
2026-03-23,601318,14:36:10,57.3900,119,2
2026-03-23,601318,14:36:13,57.3900,247,1
2026-03-23,601318,14:36:16,57.3900,75,1
2026-03-23,601318,14:36:19,57.3900,135,2
2026-03-23,601318,14:36:22,57.3900,152,1
2026-03-23,601318,14:36:25,57.3900,85,1
2026-03-23,601318,14:36:28,57.4100,237,1
2026-03-23,601318,14:36:31,57.4100,698,1
2026-03-23,601318,14:36:34,57.4100,205,1
2026-03-23,601318,14:36:37,57.4000,397,2
2026-03-23,601318,14:36:40,57.4100,156,1
2026-03-23,601318,14:36:43,57.4100,211,2
2026-03-23,601318,14:36:46,57.4000,184,2
2026-03-23,601318,14:36:49,57.4000,92,4
2026-03-23,601318,14:36:52,57.4000,70,2
2026-03-23,601318,14:36:55,57.4100,46,1
2026-03-23,601318,14:36:58,57.4300,182,1
2026-03-23,601318,14:37:01,57.4300,153,1
2026-03-23,601318,14:37:04,57.4200,118,4
2026-03-23,601318,14:37:07,57.4300,41,4
2026-03-23,601318,14:37:10,57.4400,82,1
2026-03-23,601318,14:37:13,57.4400,199,1
2026-03-23,601318,14:37:16,57.4300,415,2
2026-03-23,601318,14:37:19,57.4400,163,1
2026-03-23,601318,14:37:22,57.4400,55,1
2026-03-23,601318,14:37:25,57.4400,84,2
2026-03-23,601318,14:37:28,57.4500,166,1
2026-03-23,601318,14:37:31,57.4600,315,1
2026-03-23,601318,14:37:34,57.4600,590,1
2026-03-23,601318,14:37:37,57.4600,98,1
2026-03-23,601318,14:37:40,57.4600,201,1
2026-03-23,601318,14:37:43,57.4500,112,2
2026-03-23,601318,14:37:46,57.4700,44,1
2026-03-23,601318,14:37:49,57.4700,31,1
2026-03-23,601318,14:37:52,57.4600,452,2
2026-03-23,601318,14:37:55,57.4700,563,4
2026-03-23,601318,14:37:58,57.4600,248,2
2026-03-23,601318,14:38:01,57.4600,82,1
2026-03-23,601318,14:38:04,57.4600,191,1
2026-03-23,601318,14:38:07,57.4600,277,1
2026-03-23,601318,14:38:10,57.4500,338,2
2026-03-23,601318,14:38:13,57.4600,164,2
2026-03-23,601318,14:38:16,57.4700,80,1
2026-03-23,601318,14:38:19,57.4700,164,1
2026-03-23,601318,14:38:22,57.4700,36,4
2026-03-23,601318,14:38:25,57.4800,46,1
2026-03-23,601318,14:38:28,57.4700,66,2
2026-03-23,601318,14:38:31,57.4800,110,1
2026-03-23,601318,14:38:34,57.4800,182,2
2026-03-23,601318,14:38:37,57.4700,397,2
2026-03-23,601318,14:38:40,57.4700,203,1
2026-03-23,601318,14:38:43,57.4700,286,1
2026-03-23,601318,14:38:46,57.4600,232,2
2026-03-23,601318,14:38:49,57.4600,248,2
2026-03-23,601318,14:38:52,57.4600,259,2
2026-03-23,601318,14:38:55,57.4400,110,2
2026-03-23,601318,14:38:58,57.4400,390,1
2026-03-23,601318,14:39:01,57.4400,186,1
2026-03-23,601318,14:39:04,57.4300,208,2
2026-03-23,601318,14:39:07,57.4400,331,1
2026-03-23,601318,14:39:10,57.4400,163,1
2026-03-23,601318,14:39:13,57.4700,243,1
2026-03-23,601318,14:39:16,57.4700,108,1
2026-03-23,601318,14:39:19,57.4700,124,1
2026-03-23,601318,14:39:22,57.4800,124,1
2026-03-23,601318,14:39:25,57.4800,74,1
2026-03-23,601318,14:39:28,57.4900,291,1
2026-03-23,601318,14:39:31,57.4900,168,1
2026-03-23,601318,14:39:34,57.4900,92,1
2026-03-23,601318,14:39:37,57.5000,79,1
2026-03-23,601318,14:39:40,57.5000,423,1
2026-03-23,601318,14:39:43,57.5000,299,1
2026-03-23,601318,14:39:46,57.4900,295,2
2026-03-23,601318,14:39:49,57.5100,231,1
2026-03-23,601318,14:39:52,57.5300,159,1
2026-03-23,601318,14:39:55,57.5000,565,2
2026-03-23,601318,14:39:58,57.5000,55,1
2026-03-23,601318,14:40:01,57.5000,118,1
2026-03-23,601318,14:40:04,57.5000,249,1
2026-03-23,601318,14:40:07,57.5200,469,1
2026-03-23,601318,14:40:10,57.5700,657,1
2026-03-23,601318,14:40:13,57.5700,285,1
2026-03-23,601318,14:40:16,57.5600,90,2
2026-03-23,601318,14:40:19,57.5700,83,1
2026-03-23,601318,14:40:22,57.5700,525,1
2026-03-23,601318,14:40:25,57.5800,242,1
2026-03-23,601318,14:40:28,57.5800,129,2
2026-03-23,601318,14:40:31,57.5800,286,1
2026-03-23,601318,14:40:34,57.5900,161,1
2026-03-23,601318,14:40:37,57.5900,119,1
2026-03-23,601318,14:40:40,57.5700,676,2
2026-03-23,601318,14:40:43,57.5700,147,1
2026-03-23,601318,14:40:46,57.5700,178,1
2026-03-23,601318,14:40:49,57.5700,177,1
2026-03-23,601318,14:40:52,57.5600,304,2
2026-03-23,601318,14:40:55,57.5700,103,1
2026-03-23,601318,14:40:58,57.5700,138,1
2026-03-23,601318,14:41:01,57.5700,502,1
2026-03-23,601318,14:41:04,57.5900,403,1
2026-03-23,601318,14:41:07,57.5700,147,2
2026-03-23,601318,14:41:10,57.5900,157,1
2026-03-23,601318,14:41:13,57.5900,120,1
2026-03-23,601318,14:41:16,57.5900,246,1
2026-03-23,601318,14:41:19,57.5800,183,2
2026-03-23,601318,14:41:22,57.5900,129,1
2026-03-23,601318,14:41:25,57.5700,589,2
2026-03-23,601318,14:41:28,57.5700,278,2
2026-03-23,601318,14:41:31,57.5500,609,2
2026-03-23,601318,14:41:34,57.5400,261,2
2026-03-23,601318,14:41:37,57.5400,84,1
2026-03-23,601318,14:41:40,57.5300,183,2
2026-03-23,601318,14:41:43,57.5100,899,2
2026-03-23,601318,14:41:46,57.5100,74,1
2026-03-23,601318,14:41:49,57.5100,124,1
2026-03-23,601318,14:41:52,57.5000,221,2
2026-03-23,601318,14:41:55,57.5000,213,1
2026-03-23,601318,14:41:58,57.5000,126,1
2026-03-23,601318,14:42:01,57.4900,206,2
2026-03-23,601318,14:42:04,57.4900,85,2
2026-03-23,601318,14:42:07,57.5000,232,1
2026-03-23,601318,14:42:10,57.5000,134,2
2026-03-23,601318,14:42:13,57.4800,471,2
2026-03-23,601318,14:42:16,57.4700,178,2
2026-03-23,601318,14:42:19,57.4600,182,2
2026-03-23,601318,14:42:22,57.4600,117,1
2026-03-23,601318,14:42:25,57.4600,119,1
2026-03-23,601318,14:42:28,57.4700,501,1
2026-03-23,601318,14:42:31,57.4400,146,2
2026-03-23,601318,14:42:34,57.4300,210,2
2026-03-23,601318,14:42:37,57.4500,41,1
2026-03-23,601318,14:42:40,57.4400,42,4
2026-03-23,601318,14:42:43,57.4300,157,2
2026-03-23,601318,14:42:46,57.4300,155,2
2026-03-23,601318,14:42:49,57.4400,72,1
2026-03-23,601318,14:42:52,57.4300,255,2
2026-03-23,601318,14:42:55,57.4400,165,2
2026-03-23,601318,14:42:58,57.4400,190,4
2026-03-23,601318,14:43:01,57.4300,182,2
2026-03-23,601318,14:43:04,57.4400,244,1
2026-03-23,601318,14:43:07,57.4400,237,1
2026-03-23,601318,14:43:10,57.4500,194,1
2026-03-23,601318,14:43:13,57.4500,286,1
2026-03-23,601318,14:43:16,57.4800,322,1
2026-03-23,601318,14:43:19,57.4900,173,1
2026-03-23,601318,14:43:22,57.4700,232,2
2026-03-23,601318,14:43:25,57.4700,39,1
2026-03-23,601318,14:43:28,57.4700,181,1
2026-03-23,601318,14:43:31,57.4700,340,1
2026-03-23,601318,14:43:34,57.4700,122,1
2026-03-23,601318,14:43:37,57.4700,150,2
2026-03-23,601318,14:43:40,57.4700,133,2
2026-03-23,601318,14:43:43,57.4800,365,1
2026-03-23,601318,14:43:46,57.4700,91,2
2026-03-23,601318,14:43:49,57.4800,158,1
2026-03-23,601318,14:43:52,57.4600,93,2
2026-03-23,601318,14:43:55,57.4600,557,2
2026-03-23,601318,14:43:58,57.4500,424,2
2026-03-23,601318,14:44:01,57.4500,140,1
2026-03-23,601318,14:44:04,57.4400,183,4
2026-03-23,601318,14:44:07,57.4300,77,2
2026-03-23,601318,14:44:10,57.4400,291,4
2026-03-23,601318,14:44:13,57.4300,491,2
2026-03-23,601318,14:44:16,57.4300,100,1
2026-03-23,601318,14:44:19,57.4200,186,2
2026-03-23,601318,14:44:22,57.4200,260,2
2026-03-23,601318,14:44:25,57.4100,129,2
2026-03-23,601318,14:44:28,57.4200,173,1
2026-03-23,601318,14:44:31,57.4200,74,1
2026-03-23,601318,14:44:34,57.4200,157,1
2026-03-23,601318,14:44:37,57.4100,286,2
2026-03-23,601318,14:44:40,57.4200,182,1
2026-03-23,601318,14:44:43,57.4200,91,2
2026-03-23,601318,14:44:46,57.4300,62,1
2026-03-23,601318,14:44:49,57.4200,371,2
2026-03-23,601318,14:44:52,57.4200,363,4
2026-03-23,601318,14:44:55,57.4200,245,1
2026-03-23,601318,14:44:58,57.3900,1944,2
2026-03-23,601318,14:45:01,57.3900,189,1
2026-03-23,601318,14:45:04,57.4100,583,1
2026-03-23,601318,14:45:07,57.4300,251,1
2026-03-23,601318,14:45:10,57.4300,434,1
2026-03-23,601318,14:45:13,57.4400,107,1
2026-03-23,601318,14:45:16,57.4200,623,2
2026-03-23,601318,14:45:19,57.4000,351,2
2026-03-23,601318,14:45:22,57.3900,518,2
2026-03-23,601318,14:45:25,57.4200,565,1
2026-03-23,601318,14:45:28,57.4400,419,1
2026-03-23,601318,14:45:31,57.4200,217,2
2026-03-23,601318,14:45:34,57.4200,150,1
2026-03-23,601318,14:45:37,57.4300,77,2
2026-03-23,601318,14:45:40,57.4300,164,1
2026-03-23,601318,14:45:43,57.4200,165,2
2026-03-23,601318,14:45:46,57.4000,354,2
2026-03-23,601318,14:45:49,57.3800,410,2
2026-03-23,601318,14:45:52,57.4000,155,1
2026-03-23,601318,14:45:55,57.3900,344,2
2026-03-23,601318,14:45:58,57.3800,294,2
2026-03-23,601318,14:46:01,57.3900,92,1
2026-03-23,601318,14:46:04,57.3800,476,4
2026-03-23,601318,14:46:07,57.3700,345,1
2026-03-23,601318,14:46:10,57.3700,90,2
2026-03-23,601318,14:46:13,57.3800,180,1
2026-03-23,601318,14:46:16,57.3700,217,2
2026-03-23,601318,14:46:19,57.3700,149,1
2026-03-23,601318,14:46:22,57.3700,182,1
2026-03-23,601318,14:46:25,57.3600,82,2
2026-03-23,601318,14:46:28,57.3600,322,2
2026-03-23,601318,14:46:31,57.3600,615,1
2026-03-23,601318,14:46:34,57.3600,94,1
2026-03-23,601318,14:46:37,57.3500,258,4
2026-03-23,601318,14:46:40,57.3400,235,2
2026-03-23,601318,14:46:43,57.3500,123,1
2026-03-23,601318,14:46:46,57.3400,129,2
2026-03-23,601318,14:46:49,57.3500,101,1
2026-03-23,601318,14:46:52,57.3500,190,1
2026-03-23,601318,14:46:55,57.3500,148,1
2026-03-23,601318,14:46:58,57.3500,139,2
2026-03-23,601318,14:47:01,57.3600,87,1
2026-03-23,601318,14:47:04,57.3500,285,2
2026-03-23,601318,14:47:07,57.3500,275,2
2026-03-23,601318,14:47:10,57.3400,186,2
2026-03-23,601318,14:47:13,57.3600,296,1
2026-03-23,601318,14:47:16,57.3600,168,1
2026-03-23,601318,14:47:19,57.3600,224,1
2026-03-23,601318,14:47:22,57.3600,199,1
2026-03-23,601318,14:47:25,57.3600,74,1
2026-03-23,601318,14:47:28,57.3600,46,2
2026-03-23,601318,14:47:31,57.3500,290,2
2026-03-23,601318,14:47:34,57.3600,209,1
2026-03-23,601318,14:47:37,57.3600,65,1
2026-03-23,601318,14:47:40,57.3300,573,2
2026-03-23,601318,14:47:43,57.3400,103,1
2026-03-23,601318,14:47:46,57.3300,527,2
2026-03-23,601318,14:47:49,57.3400,225,1
2026-03-23,601318,14:47:52,57.3300,195,2
2026-03-23,601318,14:47:55,57.3600,671,1
2026-03-23,601318,14:47:58,57.3600,534,1
2026-03-23,601318,14:48:01,57.3800,435,1
2026-03-23,601318,14:48:04,57.3800,1437,1
2026-03-23,601318,14:48:07,57.4100,330,1
2026-03-23,601318,14:48:10,57.4100,66,1
2026-03-23,601318,14:48:13,57.4000,125,1
2026-03-23,601318,14:48:16,57.4000,270,1
2026-03-23,601318,14:48:19,57.3800,185,2
2026-03-23,601318,14:48:22,57.3800,104,1
2026-03-23,601318,14:48:25,57.3800,312,1
2026-03-23,601318,14:48:28,57.4000,155,1
2026-03-23,601318,14:48:31,57.4000,379,1
2026-03-23,601318,14:48:34,57.4000,139,2
2026-03-23,601318,14:48:37,57.3900,264,2
2026-03-23,601318,14:48:40,57.3800,223,2
2026-03-23,601318,14:48:43,57.3900,176,1
2026-03-23,601318,14:48:46,57.4000,313,1
2026-03-23,601318,14:48:49,57.4000,285,1
2026-03-23,601318,14:48:52,57.3800,117,2
2026-03-23,601318,14:48:55,57.3900,140,2
2026-03-23,601318,14:48:58,57.4000,234,1
2026-03-23,601318,14:49:01,57.3900,742,2
2026-03-23,601318,14:49:04,57.3800,271,2
2026-03-23,601318,14:49:07,57.3900,263,1
2026-03-23,601318,14:49:10,57.4100,424,1
2026-03-23,601318,14:49:13,57.4100,518,2
2026-03-23,601318,14:49:16,57.4100,197,2
2026-03-23,601318,14:49:19,57.4500,121,1
2026-03-23,601318,14:49:22,57.4100,212,2
2026-03-23,601318,14:49:25,57.4400,186,1
2026-03-23,601318,14:49:28,57.4400,227,1
2026-03-23,601318,14:49:31,57.4600,479,1
2026-03-23,601318,14:49:34,57.4500,288,2
2026-03-23,601318,14:49:37,57.4500,156,1
2026-03-23,601318,14:49:40,57.4400,654,2
2026-03-23,601318,14:49:43,57.4500,240,1
2026-03-23,601318,14:49:46,57.4400,152,4
2026-03-23,601318,14:49:49,57.4200,318,2
2026-03-23,601318,14:49:52,57.4200,93,4
2026-03-23,601318,14:49:55,57.4300,223,1
2026-03-23,601318,14:49:58,57.4500,284,1
2026-03-23,601318,14:50:01,57.4300,134,2
2026-03-23,601318,14:50:04,57.4300,308,2
2026-03-23,601318,14:50:07,57.4300,300,1
2026-03-23,601318,14:50:10,57.4300,336,1
2026-03-23,601318,14:50:13,57.4300,224,1
2026-03-23,601318,14:50:16,57.4300,562,1
2026-03-23,601318,14:50:19,57.4300,174,1
2026-03-23,601318,14:50:22,57.4300,69,1
2026-03-23,601318,14:50:25,57.4400,421,1
2026-03-23,601318,14:50:28,57.4400,374,1
2026-03-23,601318,14:50:31,57.4300,495,2
2026-03-23,601318,14:50:34,57.4500,535,1
2026-03-23,601318,14:50:37,57.4500,271,1
2026-03-23,601318,14:50:40,57.4400,430,2
2026-03-23,601318,14:50:43,57.4500,524,1
2026-03-23,601318,14:50:46,57.4400,212,2
2026-03-23,601318,14:50:49,57.4500,59,1
2026-03-23,601318,14:50:52,57.4200,495,2
2026-03-23,601318,14:50:55,57.4200,186,1
2026-03-23,601318,14:50:58,57.4100,224,4
2026-03-23,601318,14:51:01,57.4100,461,1
2026-03-23,601318,14:51:04,57.4100,510,2
2026-03-23,601318,14:51:07,57.4000,257,1
2026-03-23,601318,14:51:10,57.4100,804,1
2026-03-23,601318,14:51:13,57.4100,188,1
2026-03-23,601318,14:51:16,57.4100,176,1
2026-03-23,601318,14:51:19,57.4200,338,1
2026-03-23,601318,14:51:22,57.4200,739,1
2026-03-23,601318,14:51:25,57.4200,193,1
2026-03-23,601318,14:51:28,57.4200,155,1
2026-03-23,601318,14:51:31,57.4200,182,1
2026-03-23,601318,14:51:34,57.4200,152,1
2026-03-23,601318,14:51:37,57.4200,143,1
2026-03-23,601318,14:51:40,57.4200,489,1
2026-03-23,601318,14:51:43,57.4400,181,1
2026-03-23,601318,14:51:46,57.4400,113,1
2026-03-23,601318,14:51:49,57.4400,127,1
2026-03-23,601318,14:51:52,57.4400,379,1
2026-03-23,601318,14:51:55,57.4500,248,1
2026-03-23,601318,14:51:58,57.4500,164,1
2026-03-23,601318,14:52:01,57.4500,316,1
2026-03-23,601318,14:52:04,57.4500,750,2
2026-03-23,601318,14:52:07,57.4500,237,1
2026-03-23,601318,14:52:10,57.4700,218,1
2026-03-23,601318,14:52:13,57.4600,183,2
2026-03-23,601318,14:52:16,57.4700,279,1
2026-03-23,601318,14:52:19,57.4700,272,2
2026-03-23,601318,14:52:22,57.4700,265,1
2026-03-23,601318,14:52:25,57.4700,39,2
2026-03-23,601318,14:52:28,57.4700,304,2
2026-03-23,601318,14:52:31,57.4900,483,1
2026-03-23,601318,14:52:34,57.4800,62,2
2026-03-23,601318,14:52:37,57.4800,406,2
2026-03-23,601318,14:52:40,57.4800,324,1
2026-03-23,601318,14:52:43,57.4700,323,2
2026-03-23,601318,14:52:46,57.4700,110,1
2026-03-23,601318,14:52:49,57.4400,890,2
2026-03-23,601318,14:52:52,57.4300,103,2
2026-03-23,601318,14:52:55,57.4300,294,1
2026-03-23,601318,14:52:58,57.4100,191,1
2026-03-23,601318,14:53:01,57.4000,402,2
2026-03-23,601318,14:53:04,57.4000,265,1
2026-03-23,601318,14:53:07,57.4000,131,1
2026-03-23,601318,14:53:10,57.4100,286,1
2026-03-23,601318,14:53:13,57.4200,228,1
2026-03-23,601318,14:53:16,57.4200,148,2
2026-03-23,601318,14:53:19,57.4500,351,1
2026-03-23,601318,14:53:22,57.4500,166,1
2026-03-23,601318,14:53:25,57.4300,194,2
2026-03-23,601318,14:53:28,57.4300,245,1
2026-03-23,601318,14:53:31,57.4300,361,1
2026-03-23,601318,14:53:34,57.4200,535,2
2026-03-23,601318,14:53:37,57.4300,77,2
2026-03-23,601318,14:53:40,57.4300,297,1
2026-03-23,601318,14:53:43,57.4300,658,1
2026-03-23,601318,14:53:46,57.4100,483,2
2026-03-23,601318,14:53:49,57.4100,310,2
2026-03-23,601318,14:53:52,57.4100,633,1
2026-03-23,601318,14:53:55,57.4100,248,2
2026-03-23,601318,14:53:58,57.4100,361,1
2026-03-23,601318,14:54:01,57.4100,404,1
2026-03-23,601318,14:54:04,57.4100,194,2
2026-03-23,601318,14:54:07,57.4400,701,1
2026-03-23,601318,14:54:10,57.4500,431,1
2026-03-23,601318,14:54:13,57.4500,123,1
2026-03-23,601318,14:54:16,57.4300,216,4
2026-03-23,601318,14:54:19,57.4200,327,2
2026-03-23,601318,14:54:22,57.4200,157,1
2026-03-23,601318,14:54:25,57.4300,491,1
2026-03-23,601318,14:54:28,57.4200,307,2
2026-03-23,601318,14:54:31,57.4200,321,2
2026-03-23,601318,14:54:34,57.4200,145,2
2026-03-23,601318,14:54:37,57.4300,305,2
2026-03-23,601318,14:54:40,57.4400,236,1
2026-03-23,601318,14:54:43,57.4300,191,2
2026-03-23,601318,14:54:46,57.4200,150,2
2026-03-23,601318,14:54:49,57.4300,167,1
2026-03-23,601318,14:54:52,57.4300,152,1
2026-03-23,601318,14:54:55,57.4300,457,1
2026-03-23,601318,14:54:58,57.4300,370,2
2026-03-23,601318,14:55:01,57.4200,220,2
2026-03-23,601318,14:55:04,57.4000,884,2
2026-03-23,601318,14:55:07,57.4000,414,1
2026-03-23,601318,14:55:10,57.4300,788,1
2026-03-23,601318,14:55:13,57.4200,397,2
2026-03-23,601318,14:55:16,57.4300,671,2
2026-03-23,601318,14:55:19,57.4300,607,2
2026-03-23,601318,14:55:22,57.4100,311,2
2026-03-23,601318,14:55:25,57.4200,718,1
2026-03-23,601318,14:55:28,57.4300,463,4
2026-03-23,601318,14:55:31,57.4400,565,1
2026-03-23,601318,14:55:34,57.4400,494,1
2026-03-23,601318,14:55:37,57.4400,525,2
2026-03-23,601318,14:55:40,57.4400,155,2
2026-03-23,601318,14:55:43,57.4400,372,2
2026-03-23,601318,14:55:46,57.4300,161,2
2026-03-23,601318,14:55:49,57.4400,344,1
2026-03-23,601318,14:55:52,57.4300,148,2
2026-03-23,601318,14:55:55,57.4600,437,1
2026-03-23,601318,14:55:58,57.4500,463,1
2026-03-23,601318,14:56:01,57.4500,206,1
2026-03-23,601318,14:56:04,57.4500,126,2
2026-03-23,601318,14:56:07,57.4600,275,1
2026-03-23,601318,14:56:10,57.4300,361,2
2026-03-23,601318,14:56:13,57.4300,464,1
2026-03-23,601318,14:56:16,57.4200,246,2
2026-03-23,601318,14:56:19,57.3900,359,2
2026-03-23,601318,14:56:22,57.3800,546,2
2026-03-23,601318,14:56:25,57.3900,182,1
2026-03-23,601318,14:56:28,57.4800,391,1
2026-03-23,601318,14:56:31,57.4600,49,1
2026-03-23,601318,14:56:34,57.3900,281,2
2026-03-23,601318,14:56:37,57.4200,144,1
2026-03-23,601318,14:56:40,57.4200,155,2
2026-03-23,601318,14:56:43,57.4300,39,2
2026-03-23,601318,14:56:46,57.4600,145,1
2026-03-23,601318,14:56:49,57.4600,47,1
2026-03-23,601318,14:56:52,57.4500,149,2
2026-03-23,601318,14:56:55,57.4500,192,2
2026-03-23,601318,14:56:58,57.4600,138,1
2026-03-23,601318,14:57:01,57.4600,63,2
2026-03-23,601318,15:00:03,57.4700,8331,4
2026-03-23,601318,13:17:07,57.9300,102,1
2026-03-23,601318,13:17:10,57.9300,122,1
2026-03-23,601318,13:17:13,57.9300,405,1
2026-03-23,601318,13:17:16,57.9000,190,2
2026-03-23,601318,13:17:19,57.9200,14,1
2026-03-23,601318,13:17:22,57.9000,506,2
2026-03-23,601318,13:17:25,57.9000,38,2
2026-03-23,601318,13:17:28,57.9000,58,2
2026-03-23,601318,13:17:31,57.9000,100,2
2026-03-23,601318,13:17:34,57.8900,120,2
2026-03-23,601318,13:17:37,57.8900,219,2
2026-03-23,601318,13:17:40,57.8800,106,2
2026-03-23,601318,13:17:43,57.8800,262,2
2026-03-23,601318,13:17:46,57.8900,113,1
2026-03-23,601318,13:17:49,57.8700,32,2
2026-03-23,601318,13:17:52,57.8700,88,1
2026-03-23,601318,13:17:55,57.8600,67,2
2026-03-23,601318,13:17:58,57.8700,13,1
2026-03-23,601318,13:18:01,57.8600,101,2
2026-03-23,601318,13:18:04,57.8700,439,1
2026-03-23,601318,13:18:07,57.9200,1365,1
2026-03-23,601318,13:18:10,57.9300,206,1
2026-03-23,601318,13:18:13,57.9200,194,2
2026-03-23,601318,13:18:16,57.9000,17,2
2026-03-23,601318,13:18:19,57.9100,12,4
2026-03-23,601318,13:18:22,57.9100,73,1
2026-03-23,601318,13:18:25,57.9000,26,2
2026-03-23,601318,13:18:28,57.9000,415,2
2026-03-23,601318,13:18:31,57.9200,78,1
2026-03-23,601318,13:18:34,57.9100,105,2
2026-03-23,601318,13:18:37,57.9100,123,2
2026-03-23,601318,13:18:40,57.9100,115,1
2026-03-23,601318,13:18:43,57.9000,122,2
2026-03-23,601318,13:18:46,57.9000,15,1
2026-03-23,601318,13:18:49,57.9000,116,1
2026-03-23,601318,13:18:52,57.9000,56,1
2026-03-23,601318,13:18:55,57.9000,29,1
2026-03-23,601318,13:18:58,57.9000,16,1
2026-03-23,601318,13:19:01,57.9000,14,1
2026-03-23,601318,13:19:04,57.8900,266,2
2026-03-23,601318,13:19:07,57.8800,21,2
2026-03-23,601318,13:19:10,57.8800,59,2
2026-03-23,601318,13:19:13,57.8800,285,2
2026-03-23,601318,13:19:16,57.8900,29,1
2026-03-23,601318,13:19:19,57.8800,62,2
2026-03-23,601318,13:19:22,57.8900,55,1
2026-03-23,601318,13:19:25,57.8900,147,1
2026-03-23,601318,13:19:28,57.8800,28,2
2026-03-23,601318,13:19:31,57.8700,25,2
2026-03-23,601318,13:19:34,57.8800,96,1
2026-03-23,601318,13:19:37,57.8800,72,1
2026-03-23,601318,13:19:40,57.8800,170,1
2026-03-23,601318,13:19:43,57.8800,29,1
2026-03-23,601318,13:19:46,57.8800,74,1
2026-03-23,601318,13:19:49,57.8800,40,1
2026-03-23,601318,13:19:52,57.8700,32,2
2026-03-23,601318,13:19:55,57.8800,104,1
2026-03-23,601318,13:19:58,57.8700,83,2
2026-03-23,601318,13:20:01,57.8800,9,1
2026-03-23,601318,13:20:04,57.8800,116,1
2026-03-23,601318,13:20:07,57.8900,513,1
2026-03-23,601318,13:20:10,57.8900,122,1
2026-03-23,601318,13:20:13,57.8800,39,2
2026-03-23,601318,13:20:16,57.8800,224,2
2026-03-23,601318,13:20:19,57.8800,318,2
2026-03-23,601318,13:20:22,57.8700,609,2
2026-03-23,601318,13:20:25,57.8700,52,1
2026-03-23,601318,13:20:28,57.8700,164,1
2026-03-23,601318,13:20:31,57.8600,84,2
2026-03-23,601318,13:20:34,57.8600,41,1
2026-03-23,601318,13:20:37,57.8600,107,1
2026-03-23,601318,13:20:40,57.8600,249,1
2026-03-23,601318,13:20:43,57.8500,112,2
2026-03-23,601318,13:20:46,57.8600,88,1
2026-03-23,601318,13:20:49,57.8500,112,2
2026-03-23,601318,13:20:52,57.8600,230,1
2026-03-23,601318,13:20:55,57.8500,50,2
2026-03-23,601318,13:20:58,57.8500,71,1
2026-03-23,601318,13:21:01,57.8300,558,2
2026-03-23,601318,13:21:04,57.8200,412,2
2026-03-23,601318,13:21:07,57.8200,537,1
2026-03-23,601318,13:21:10,57.8100,101,2
2026-03-23,601318,13:21:13,57.8100,51,1
2026-03-23,601318,13:21:16,57.8100,112,1
2026-03-23,601318,13:21:19,57.8000,36,2
2026-03-23,601318,13:21:22,57.8100,181,1
2026-03-23,601318,13:21:25,57.8100,147,1
2026-03-23,601318,13:21:28,57.8400,1049,1
2026-03-23,601318,13:21:31,57.8400,48,2
2026-03-23,601318,13:21:34,57.8500,115,1
2026-03-23,601318,13:21:37,57.8500,114,1
2026-03-23,601318,13:21:40,57.8500,104,1
2026-03-23,601318,13:21:43,57.8400,129,2
2026-03-23,601318,13:21:46,57.8200,127,2
2026-03-23,601318,13:21:49,57.8200,76,2
2026-03-23,601318,13:21:52,57.8200,77,1
2026-03-23,601318,13:21:55,57.8200,196,1
2026-03-23,601318,13:21:58,57.8500,660,1
2026-03-23,601318,13:22:01,57.8500,147,2
2026-03-23,601318,13:22:04,57.8600,173,1
2026-03-23,601318,13:22:07,57.8400,66,2
2026-03-23,601318,13:22:10,57.8400,43,2
2026-03-23,601318,13:22:13,57.8500,48,1
2026-03-23,601318,13:22:16,57.8300,131,2
2026-03-23,601318,13:22:19,57.8400,96,1
2026-03-23,601318,13:22:22,57.8400,53,1
2026-03-23,601318,13:22:25,57.8300,67,2
2026-03-23,601318,13:22:28,57.8300,110,2
2026-03-23,601318,13:22:31,57.8300,112,2
2026-03-23,601318,13:22:34,57.8300,231,1
2026-03-23,601318,13:22:37,57.8200,156,2
2026-03-23,601318,13:22:40,57.8200,113,2
2026-03-23,601318,13:22:43,57.8200,189,2
2026-03-23,601318,13:22:46,57.8300,13,1
2026-03-23,601318,13:22:49,57.8200,157,2
2026-03-23,601318,13:22:52,57.8200,136,1
2026-03-23,601318,13:22:55,57.8100,75,2
2026-03-23,601318,13:22:58,57.8200,161,1
2026-03-23,601318,13:23:01,57.8200,126,1
2026-03-23,601318,13:23:04,57.8100,177,2
2026-03-23,601318,13:23:07,57.8000,276,2
2026-03-23,601318,13:23:10,57.8100,323,1
2026-03-23,601318,13:23:13,57.8000,318,2
2026-03-23,601318,13:23:16,57.8000,477,2
2026-03-23,601318,13:23:19,57.7900,2730,2
2026-03-23,601318,13:23:22,57.7800,659,2
2026-03-23,601318,13:23:25,57.7700,1314,2
2026-03-23,601318,13:23:28,57.7600,49,4
2026-03-23,601318,13:23:31,57.7600,852,2
2026-03-23,601318,13:23:34,57.7500,263,2
2026-03-23,601318,13:23:37,57.7300,84,2
2026-03-23,601318,13:23:40,57.7400,112,1
2026-03-23,601318,13:23:43,57.7500,240,1
2026-03-23,601318,13:23:46,57.7300,93,2
2026-03-23,601318,13:23:49,57.7200,345,2
2026-03-23,601318,13:23:52,57.7200,278,1
2026-03-23,601318,13:23:55,57.7200,111,1
2026-03-23,601318,13:23:58,57.7200,201,1
2026-03-23,601318,13:24:01,57.7200,123,1
2026-03-23,601318,13:24:04,57.7100,1271,2
2026-03-23,601318,13:24:07,57.7000,371,2
2026-03-23,601318,13:24:10,57.7700,650,1
2026-03-23,601318,13:24:13,57.7800,870,1
2026-03-23,601318,13:24:16,57.7500,33,4
2026-03-23,601318,13:24:19,57.7500,61,1
2026-03-23,601318,13:24:22,57.7500,329,1
2026-03-23,601318,13:24:25,57.7500,100,1
2026-03-23,601318,13:24:28,57.7300,719,2
2026-03-23,601318,13:24:31,57.7500,19,1
2026-03-23,601318,13:24:34,57.7500,117,4
2026-03-23,601318,13:24:37,57.7500,92,1
2026-03-23,601318,13:24:40,57.7500,100,1
2026-03-23,601318,13:24:43,57.7300,15,2
2026-03-23,601318,13:24:46,57.7400,20,1
2026-03-23,601318,13:24:49,57.7300,177,2
2026-03-23,601318,13:24:52,57.7300,59,1
2026-03-23,601318,13:24:55,57.7200,379,2
2026-03-23,601318,13:24:58,57.7000,619,2
2026-03-23,601318,13:25:01,57.7100,113,2
2026-03-23,601318,13:25:04,57.7200,519,1
2026-03-23,601318,13:25:07,57.7200,181,1
2026-03-23,601318,13:25:10,57.7100,88,2
2026-03-23,601318,13:25:13,57.7000,102,2
2026-03-23,601318,13:25:16,57.7100,52,1
2026-03-23,601318,13:25:19,57.7100,138,2
2026-03-23,601318,13:25:22,57.7100,401,1
2026-03-23,601318,13:25:25,57.7000,180,2
2026-03-23,601318,13:25:28,57.7000,136,1
2026-03-23,601318,13:25:31,57.7000,79,1
2026-03-23,601318,13:25:34,57.7000,507,1
2026-03-23,601318,13:25:37,57.6900,79,2
2026-03-23,601318,13:25:40,57.7000,163,1
2026-03-23,601318,13:25:43,57.7000,254,1
2026-03-23,601318,13:25:46,57.6900,292,2
2026-03-23,601318,13:25:49,57.6900,146,2
2026-03-23,601318,13:25:52,57.6900,700,1
2026-03-23,601318,13:25:55,57.7000,42,1
2026-03-23,601318,13:25:58,57.6900,94,2
2026-03-23,601318,13:26:01,57.6900,373,2
2026-03-23,601318,13:26:04,57.7000,219,1
2026-03-23,601318,13:26:07,57.6900,60,2
2026-03-23,601318,13:26:10,57.6900,325,1
2026-03-23,601318,13:26:13,57.6700,222,2
2026-03-23,601318,13:26:16,57.6800,122,1
2026-03-23,601318,13:26:19,57.6700,557,2
2026-03-23,601318,13:26:22,57.6600,301,2
2026-03-23,601318,13:26:25,57.6600,199,2
2026-03-23,601318,13:26:28,57.6600,9,1
2026-03-23,601318,13:26:31,57.6600,80,1
2026-03-23,601318,13:26:34,57.6500,255,2
2026-03-23,601318,13:26:37,57.6400,103,2
2026-03-23,601318,13:26:40,57.6400,164,1
2026-03-23,601318,13:26:43,57.6300,62,2
2026-03-23,601318,13:26:46,57.6500,538,1
2026-03-23,601318,13:26:49,57.6400,144,2
2026-03-23,601318,13:26:52,57.6300,48,2
2026-03-23,601318,13:26:55,57.6300,143,2
2026-03-23,601318,13:26:58,57.6300,53,2
2026-03-23,601318,13:27:01,57.6300,405,2
2026-03-23,601318,13:27:04,57.6300,198,1
2026-03-23,601318,13:27:07,57.6300,138,1
2026-03-23,601318,13:27:10,57.6200,181,2
2026-03-23,601318,13:27:13,57.6200,60,4
2026-03-23,601318,13:27:16,57.6300,56,1
2026-03-23,601318,13:27:19,57.6100,115,2
2026-03-23,601318,13:27:22,57.6200,115,1
2026-03-23,601318,13:27:25,57.6100,146,2
2026-03-23,601318,13:27:28,57.6200,171,1
2026-03-23,601318,13:27:31,57.6200,192,1
2026-03-23,601318,13:27:34,57.6200,234,1
2026-03-23,601318,13:27:37,57.6200,44,1
2026-03-23,601318,13:27:40,57.6100,758,2
2026-03-23,601318,13:27:43,57.6100,40,1
2026-03-23,601318,13:27:46,57.6100,120,2
2026-03-23,601318,13:27:49,57.6100,155,2
2026-03-23,601318,13:27:52,57.6100,32,1
2026-03-23,601318,13:27:55,57.6100,140,1
2026-03-23,601318,13:27:58,57.6000,63,2
2026-03-23,601318,13:28:01,57.6100,176,1
2026-03-23,601318,13:28:04,57.6200,2398,1
2026-03-23,601318,13:28:07,57.6700,176,1
2026-03-23,601318,13:28:10,57.6400,141,2
2026-03-23,601318,13:28:13,57.6500,83,1
2026-03-23,601318,13:28:16,57.6400,366,2
2026-03-23,601318,13:28:19,57.6500,100,1
2026-03-23,601318,13:28:22,57.6400,82,2
2026-03-23,601318,13:28:25,57.6400,134,2
2026-03-23,601318,13:28:28,57.6500,85,1
2026-03-23,601318,13:28:31,57.6500,344,1
2026-03-23,601318,13:28:34,57.6500,113,2
2026-03-23,601318,13:28:37,57.6500,204,2
2026-03-23,601318,13:28:40,57.6500,338,2
2026-03-23,601318,13:28:43,57.6500,53,2
2026-03-23,601318,13:28:46,57.6600,217,1
2026-03-23,601318,13:28:49,57.6500,197,1
2026-03-23,601318,13:28:52,57.6300,228,2
2026-03-23,601318,13:28:55,57.6300,82,1
2026-03-23,601318,13:28:58,57.6300,192,1
2026-03-23,601318,13:29:01,57.6300,64,1
2026-03-23,601318,13:29:04,57.6200,622,2
2026-03-23,601318,13:29:07,57.6100,526,4
2026-03-23,601318,13:29:10,57.6000,273,2
2026-03-23,601318,13:29:13,57.6000,169,2
2026-03-23,601318,13:29:16,57.6000,556,2
2026-03-23,601318,13:29:19,57.5900,90,2
2026-03-23,601318,13:29:22,57.5800,346,2
2026-03-23,601318,13:29:25,57.5800,54,2
2026-03-23,601318,13:29:28,57.5800,94,2
2026-03-23,601318,13:29:31,57.5800,164,2
2026-03-23,601318,13:29:34,57.5800,334,2
2026-03-23,601318,13:29:37,57.5700,262,2
2026-03-23,601318,13:29:40,57.5800,325,1
2026-03-23,601318,13:29:43,57.5700,485,2
2026-03-23,601318,13:29:46,57.5700,113,1
2026-03-23,601318,13:29:49,57.5600,189,2
2026-03-23,601318,13:29:52,57.5500,192,2
2026-03-23,601318,13:29:55,57.5600,131,1
2026-03-23,601318,13:29:58,57.5500,69,2
2026-03-23,601318,13:30:01,57.5500,136,2
2026-03-23,601318,13:30:04,57.5600,351,1
2026-03-23,601318,13:30:07,57.5500,112,2
2026-03-23,601318,13:30:10,57.5500,483,1
2026-03-23,601318,13:30:13,57.5500,180,1
2026-03-23,601318,13:30:16,57.5500,254,2
2026-03-23,601318,13:30:19,57.5500,343,1
2026-03-23,601318,13:30:22,57.5500,179,1
2026-03-23,601318,13:30:25,57.5500,654,1
2026-03-23,601318,13:30:28,57.5500,302,1
2026-03-23,601318,13:30:31,57.5600,213,1
2026-03-23,601318,13:30:34,57.5800,451,1
2026-03-23,601318,13:30:37,57.5800,129,1
2026-03-23,601318,13:30:40,57.5800,307,1
2026-03-23,601318,13:30:43,57.6000,57,1
2026-03-23,601318,13:30:46,57.5900,74,2
2026-03-23,601318,13:30:49,57.6000,127,1
2026-03-23,601318,13:30:52,57.5900,163,2
2026-03-23,601318,13:30:55,57.5900,67,1
2026-03-23,601318,13:30:58,57.6000,284,1
2026-03-23,601318,13:31:01,57.6200,208,1
2026-03-23,601318,13:31:04,57.6100,325,4
2026-03-23,601318,13:31:07,57.5900,156,2
2026-03-23,601318,13:31:10,57.6000,538,1
2026-03-23,601318,13:31:13,57.5900,104,1
2026-03-23,601318,13:31:16,57.5800,455,2
2026-03-23,601318,13:31:19,57.5900,19,1
2026-03-23,601318,13:31:22,57.5900,144,2
2026-03-23,601318,13:31:25,57.5700,411,2
2026-03-23,601318,13:31:28,57.5700,254,2
2026-03-23,601318,13:31:31,57.5800,117,1
2026-03-23,601318,13:31:34,57.5700,88,2
2026-03-23,601318,13:31:37,57.5700,78,2
2026-03-23,601318,13:31:40,57.5700,177,2
2026-03-23,601318,13:31:43,57.5800,219,1
2026-03-23,601318,13:31:46,57.5500,812,2
2026-03-23,601318,13:31:49,57.5500,737,1
2026-03-23,601318,13:31:52,57.5600,5479,1
2026-03-23,601318,13:31:55,57.5500,160,2
2026-03-23,601318,13:31:58,57.5500,79,1
2026-03-23,601318,13:32:01,57.5500,1431,1
2026-03-23,601318,13:32:04,57.5600,78,4
2026-03-23,601318,13:32:07,57.5600,131,2
2026-03-23,601318,13:32:10,57.5500,135,2
2026-03-23,601318,13:32:13,57.5500,90,2
2026-03-23,601318,13:32:16,57.5600,131,1
2026-03-23,601318,13:32:19,57.5500,140,2
2026-03-23,601318,13:32:22,57.5600,111,1
2026-03-23,601318,13:32:25,57.5500,195,2
2026-03-23,601318,13:32:28,57.5300,232,2
2026-03-23,601318,13:32:31,57.5500,73,1
2026-03-23,601318,13:32:34,57.5400,79,2
2026-03-23,601318,13:32:37,57.5400,174,1
2026-03-23,601318,13:32:40,57.5300,152,2
2026-03-23,601318,13:32:43,57.5300,168,1
2026-03-23,601318,13:32:46,57.5200,188,2
2026-03-23,601318,13:32:49,57.5200,323,1
2026-03-23,601318,13:32:52,57.5300,253,1
2026-03-23,601318,13:32:55,57.5200,148,2
2026-03-23,601318,13:32:58,57.5200,438,1
2026-03-23,601318,13:33:01,57.5100,317,2
2026-03-23,601318,13:33:04,57.5200,1351,1
2026-03-23,601318,13:33:07,57.5000,492,2
2026-03-23,601318,13:33:10,57.5000,403,2
2026-03-23,601318,13:33:13,57.5200,669,1
2026-03-23,601318,13:33:16,57.5000,159,2
2026-03-23,601318,13:33:19,57.5100,448,1
2026-03-23,601318,13:33:22,57.5000,2575,2
2026-03-23,601318,13:33:25,57.4800,350,2
2026-03-23,601318,13:33:28,57.4600,217,2
2026-03-23,601318,13:33:31,57.4500,101,2
2026-03-23,601318,13:33:34,57.4500,107,2
2026-03-23,601318,13:33:37,57.4400,193,2
2026-03-23,601318,13:33:40,57.4400,210,2
2026-03-23,601318,13:33:43,57.4400,276,1
2026-03-23,601318,13:33:46,57.4300,136,2
2026-03-23,601318,13:33:49,57.4300,163,1
2026-03-23,601318,13:33:52,57.4300,292,1
2026-03-23,601318,13:33:55,57.4300,2211,1
2026-03-23,601318,13:33:58,57.4800,141,1
2026-03-23,601318,13:34:01,57.4800,227,1
2026-03-23,601318,13:34:04,57.5000,261,1
2026-03-23,601318,13:34:07,57.5000,360,1
2026-03-23,601318,13:34:10,57.5200,3288,1
2026-03-23,601318,13:34:13,57.5500,941,1
2026-03-23,601318,13:34:16,57.5600,222,1
2026-03-23,601318,13:34:19,57.5700,425,1
2026-03-23,601318,13:34:22,57.5700,162,1
2026-03-23,601318,13:34:25,57.5700,200,1
2026-03-23,601318,13:34:28,57.5700,43,1
2026-03-23,601318,13:34:31,57.5700,190,2
2026-03-23,601318,13:34:34,57.5800,300,1
2026-03-23,601318,13:34:37,57.5800,130,1
2026-03-23,601318,13:34:40,57.5800,62,2
2026-03-23,601318,13:34:43,57.5800,68,2
2026-03-23,601318,13:34:46,57.5900,428,1
2026-03-23,601318,13:34:49,57.5900,103,2
2026-03-23,601318,13:34:52,57.6000,150,1
2026-03-23,601318,13:34:55,57.6000,935,1
2026-03-23,601318,13:34:58,57.6400,19,1
2026-03-23,601318,13:35:01,57.6100,66,2
2026-03-23,601318,13:35:04,57.6500,152,1
2026-03-23,601318,13:35:07,57.6300,62,2
2026-03-23,601318,13:35:10,57.6400,216,1
2026-03-23,601318,13:35:13,57.6600,203,1
2026-03-23,601318,13:35:16,57.6600,114,1
2026-03-23,601318,13:35:19,57.6500,75,2
2026-03-23,601318,13:35:22,57.6600,86,1
2026-03-23,601318,13:35:25,57.6700,95,1
2026-03-23,601318,13:35:28,57.6700,99,1
2026-03-23,601318,13:35:31,57.6700,170,1
2026-03-23,601318,13:35:34,57.7000,2551,1
2026-03-23,601318,13:35:37,57.7300,688,1
2026-03-23,601318,13:35:40,57.7300,796,2
2026-03-23,601318,13:35:43,57.7100,588,4
2026-03-23,601318,13:35:46,57.7400,255,1
2026-03-23,601318,13:35:49,57.7500,154,1
2026-03-23,601318,13:35:52,57.7500,218,1
2026-03-23,601318,13:35:55,57.7500,946,1
2026-03-23,601318,13:35:58,57.7800,73,4
2026-03-23,601318,13:36:01,57.7900,334,1
2026-03-23,601318,13:36:04,57.7900,501,2
2026-03-23,601318,13:36:07,57.7900,269,1
2026-03-23,601318,13:36:10,57.7500,560,2
2026-03-23,601318,13:36:13,57.7200,94,2
2026-03-23,601318,13:36:16,57.7100,100,2
2026-03-23,601318,13:36:19,57.7200,764,1
2026-03-23,601318,13:36:22,57.7300,182,1
2026-03-23,601318,13:36:25,57.7400,111,1
2026-03-23,601318,13:36:28,57.7400,48,1
2026-03-23,601318,13:36:31,57.7500,52,1
2026-03-23,601318,13:36:34,57.7500,112,1
2026-03-23,601318,13:36:37,57.7700,190,1
2026-03-23,601318,13:36:40,57.7800,151,1
2026-03-23,601318,13:36:43,57.7900,95,1
2026-03-23,601318,13:36:46,57.7900,109,1
2026-03-23,601318,13:36:49,57.7900,134,1
2026-03-23,601318,13:36:52,57.8100,470,1
2026-03-23,601318,13:36:55,57.8000,585,2
2026-03-23,601318,13:36:58,57.7700,336,2
2026-03-23,601318,13:37:01,57.7700,240,1
2026-03-23,601318,13:37:04,57.8000,54,1
2026-03-23,601318,13:37:07,57.7900,27,2
2026-03-23,601318,13:37:10,57.7900,89,1
2026-03-23,601318,13:37:13,57.7800,140,2
2026-03-23,601318,13:37:16,57.7900,136,1
2026-03-23,601318,13:37:19,57.7700,277,2
2026-03-23,601318,13:37:22,57.7900,182,1
2026-03-23,601318,13:37:25,57.7900,155,1
2026-03-23,601318,13:37:28,57.7800,115,1
2026-03-23,601318,13:37:31,57.7800,48,1
2026-03-23,601318,13:37:34,57.7700,89,1
2026-03-23,601318,13:37:37,57.7700,78,1
2026-03-23,601318,13:37:40,57.7900,114,1
2026-03-23,601318,13:37:43,57.7700,74,2
2026-03-23,601318,13:37:46,57.7700,106,2
2026-03-23,601318,13:37:49,57.7800,147,1
2026-03-23,601318,13:37:52,57.7900,104,1
2026-03-23,601318,13:37:55,57.7900,64,1
2026-03-23,601318,13:37:58,57.8000,847,1
2026-03-23,601318,13:38:01,57.8100,113,1
2026-03-23,601318,13:38:04,57.8100,332,1
2026-03-23,601318,13:38:07,57.8400,185,1
2026-03-23,601318,13:38:10,57.8400,194,1
2026-03-23,601318,13:38:13,57.8400,198,1
2026-03-23,601318,13:38:16,57.8500,48,1
2026-03-23,601318,13:38:19,57.8600,295,1
2026-03-23,601318,13:38:22,57.8600,356,1
2026-03-23,601318,13:38:25,57.8500,181,2
2026-03-23,601318,13:38:28,57.8500,464,1
2026-03-23,601318,13:38:31,57.8500,286,1
2026-03-23,601318,13:38:34,57.8500,536,1
2026-03-23,601318,13:38:37,57.8400,106,1
2026-03-23,601318,13:38:40,57.8400,91,1
2026-03-23,601318,13:38:43,57.8400,34,1
2026-03-23,601318,13:38:46,57.8400,94,1
2026-03-23,601318,13:38:49,57.8500,128,1
2026-03-23,601318,13:38:52,57.8400,218,2
2026-03-23,601318,13:38:55,57.8500,138,1
2026-03-23,601318,13:38:58,57.8700,307,1
2026-03-23,601318,13:39:01,57.8800,109,1
2026-03-23,601318,13:39:04,57.8700,83,2
2026-03-23,601318,13:39:07,57.8600,304,2
2026-03-23,601318,13:39:10,57.8600,1664,4
2026-03-23,601318,13:39:13,57.8400,154,2
2026-03-23,601318,13:39:16,57.8400,342,1
2026-03-23,601318,13:39:19,57.8300,129,2
2026-03-23,601318,13:39:22,57.8300,81,1
2026-03-23,601318,13:39:25,57.8200,116,2
2026-03-23,601318,13:39:28,57.8300,24,1
2026-03-23,601318,13:39:31,57.8300,37,1
2026-03-23,601318,13:39:34,57.8300,55,1
2026-03-23,601318,13:39:37,57.8200,280,2
2026-03-23,601318,13:39:40,57.8300,196,1
2026-03-23,601318,13:39:43,57.8300,79,1
2026-03-23,601318,13:39:46,57.8300,35,2
2026-03-23,601318,13:39:49,57.8300,57,1
2026-03-23,601318,13:39:52,57.8400,37,1
2026-03-23,601318,13:39:55,57.8300,134,2
2026-03-23,601318,13:39:58,57.8300,50,1
2026-03-23,601318,13:40:01,57.8200,196,2
2026-03-23,601318,13:40:04,57.8200,81,1
2026-03-23,601318,13:40:07,57.8100,300,2
2026-03-23,601318,13:40:10,57.7900,236,2
2026-03-23,601318,13:40:13,57.8000,101,1
2026-03-23,601318,13:40:16,57.7500,829,2
2026-03-23,601318,13:40:19,57.7300,338,2
2026-03-23,601318,13:40:22,57.7300,132,4
2026-03-23,601318,13:40:25,57.7100,81,2
2026-03-23,601318,13:40:28,57.7200,96,1
2026-03-23,601318,13:40:31,57.7200,126,1
2026-03-23,601318,13:40:34,57.7000,222,2
2026-03-23,601318,13:40:37,57.7000,203,1
2026-03-23,601318,13:40:40,57.7000,125,1
2026-03-23,601318,13:40:43,57.6900,51,4
2026-03-23,601318,13:40:46,57.6900,99,1
2026-03-23,601318,13:40:49,57.6900,89,1
2026-03-23,601318,13:40:52,57.6700,118,2
2026-03-23,601318,13:40:55,57.6700,108,2
2026-03-23,601318,13:40:58,57.6700,60,2
2026-03-23,601318,13:41:01,57.6900,431,1
2026-03-23,601318,13:41:04,57.7000,300,1
2026-03-23,601318,13:41:07,57.7000,218,1
2026-03-23,601318,13:41:10,57.7000,92,1
2026-03-23,601318,13:41:13,57.7200,241,1
2026-03-23,601318,13:41:16,57.7200,35,1
2026-03-23,601318,13:41:19,57.7200,38,1
2026-03-23,601318,13:41:22,57.7100,46,2
2026-03-23,601318,13:41:25,57.7000,305,2
2026-03-23,601318,13:41:28,57.7000,77,2
2026-03-23,601318,13:41:31,57.7000,350,2
2026-03-23,601318,13:41:34,57.7000,76,1
2026-03-23,601318,13:41:37,57.6900,125,2
2026-03-23,601318,13:41:40,57.6900,128,1
2026-03-23,601318,13:41:43,57.6800,57,4
2026-03-23,601318,13:41:46,57.6700,26,2
2026-03-23,601318,13:41:49,57.6900,273,1
2026-03-23,601318,13:41:52,57.6900,93,1
2026-03-23,601318,13:41:55,57.7000,43,1
2026-03-23,601318,13:41:58,57.6900,125,2
2026-03-23,601318,13:42:01,57.6900,86,2
2026-03-23,601318,13:42:04,57.6900,90,2
2026-03-23,601318,13:42:07,57.6900,40,2
2026-03-23,601318,13:42:10,57.7000,40,1
2026-03-23,601318,13:42:13,57.6900,15,2
2026-03-23,601318,13:42:16,57.7000,47,1
2026-03-23,601318,13:42:19,57.6900,228,2
2026-03-23,601318,13:42:22,57.7000,96,1
2026-03-23,601318,13:42:25,57.7000,205,1
2026-03-23,601318,13:42:28,57.7000,11,1
2026-03-23,601318,13:42:31,57.7000,117,1
2026-03-23,601318,13:42:34,57.7000,144,1
2026-03-23,601318,13:42:37,57.7000,252,1
2026-03-23,601318,13:42:40,57.6900,266,2
2026-03-23,601318,13:42:43,57.6800,99,2
2026-03-23,601318,13:42:46,57.6800,41,1
2026-03-23,601318,13:42:49,57.6700,228,2
2026-03-23,601318,13:42:52,57.6600,233,2
2026-03-23,601318,13:42:55,57.6700,64,1
2026-03-23,601318,13:42:58,57.6700,15,1
2026-03-23,601318,13:43:01,57.6400,81,2
2026-03-23,601318,13:43:04,57.6500,92,4
2026-03-23,601318,13:43:07,57.6500,119,1
2026-03-23,601318,13:43:10,57.6400,78,2
2026-03-23,601318,13:43:13,57.6500,81,1
2026-03-23,601318,13:43:16,57.6300,64,2
2026-03-23,601318,13:43:19,57.6300,34,2
2026-03-23,601318,13:43:22,57.6200,420,2
2026-03-23,601318,13:43:25,57.6200,114,1
2026-03-23,601318,13:43:28,57.6200,41,1
2026-03-23,601318,13:43:31,57.6200,26,1
2026-03-23,601318,13:43:34,57.6200,49,1
2026-03-23,601318,13:43:37,57.6200,72,1
2026-03-23,601318,13:43:40,57.6200,118,1
2026-03-23,601318,13:43:43,57.6200,52,1
2026-03-23,601318,13:43:46,57.6300,170,1
2026-03-23,601318,13:43:49,57.6300,165,1
2026-03-23,601318,13:43:52,57.6200,96,2
2026-03-23,601318,13:43:55,57.6300,39,1
2026-03-23,601318,13:43:58,57.6200,53,1
2026-03-23,601318,13:44:01,57.6100,34,2
2026-03-23,601318,13:44:04,57.6200,180,1
2026-03-23,601318,13:44:07,57.6200,29,1
2026-03-23,601318,13:44:10,57.6200,260,1
2026-03-23,601318,13:44:13,57.6200,380,1
2026-03-23,601318,13:44:16,57.6100,60,4
2026-03-23,601318,13:44:19,57.6100,57,1
2026-03-23,601318,13:44:22,57.6100,223,1
2026-03-23,601318,13:44:25,57.6000,290,2
2026-03-23,601318,13:44:28,57.6000,69,2
2026-03-23,601318,13:44:31,57.6100,1051,1
2026-03-23,601318,13:44:34,57.6000,114,4
2026-03-23,601318,13:44:37,57.6000,88,2
2026-03-23,601318,13:44:40,57.6100,82,1
2026-03-23,601318,13:44:43,57.6000,21,2
2026-03-23,601318,13:44:46,57.5800,388,2
2026-03-23,601318,13:44:49,57.5800,87,2
2026-03-23,601318,13:44:52,57.5800,71,2
2026-03-23,601318,13:44:55,57.5900,48,1
2026-03-23,601318,13:44:58,57.5900,42,1
2026-03-23,601318,13:45:01,57.5900,105,1
2026-03-23,601318,13:45:04,57.5900,401,1
2026-03-23,601318,13:45:07,57.6000,96,1
2026-03-23,601318,13:45:10,57.5900,588,2
2026-03-23,601318,13:45:13,57.5800,102,2
2026-03-23,601318,13:45:16,57.5800,50,1
2026-03-23,601318,13:45:19,57.5800,139,1
2026-03-23,601318,13:45:22,57.5700,84,2
2026-03-23,601318,13:45:25,57.5800,41,1
2026-03-23,601318,13:45:28,57.5800,21,1
2026-03-23,601318,13:45:31,57.5700,80,4
2026-03-23,601318,13:45:34,57.5600,122,2
2026-03-23,601318,13:45:37,57.5500,622,2
2026-03-23,601318,13:45:40,57.5400,183,2
2026-03-23,601318,13:45:43,57.5400,72,2
2026-03-23,601318,13:45:46,57.5400,64,1
2026-03-23,601318,13:45:49,57.5400,82,2
2026-03-23,601318,13:45:52,57.5300,1440,2
2026-03-23,601318,13:45:55,57.5300,102,1
2026-03-23,601318,13:45:58,57.5300,89,1
2026-03-23,601318,13:46:01,57.5200,77,2
2026-03-23,601318,13:46:04,57.5200,567,1
2026-03-23,601318,13:46:07,57.5200,142,2
2026-03-23,601318,13:46:10,57.5300,106,1
2026-03-23,601318,13:46:13,57.5300,138,1
2026-03-23,601318,13:46:16,57.5300,322,2
2026-03-23,601318,13:46:19,57.5400,342,4
2026-03-23,601318,13:46:22,57.5900,26,1
2026-03-23,601318,13:46:25,57.5900,56,1
2026-03-23,601318,13:46:28,57.5900,29,1
2026-03-23,601318,13:46:31,57.5900,38,2
2026-03-23,601318,13:46:34,57.5800,136,2
2026-03-23,601318,13:46:37,57.5800,50,1
2026-03-23,601318,13:46:40,57.5800,311,1
2026-03-23,601318,13:46:43,57.5700,38,4
2026-03-23,601318,13:46:46,57.5700,105,1
2026-03-23,601318,13:46:49,57.5700,290,1
2026-03-23,601318,13:46:52,57.5800,16,1
2026-03-23,601318,13:46:55,57.5800,98,1
2026-03-23,601318,13:46:58,57.5800,60,1
2026-03-23,601318,13:47:01,57.5800,26,1
2026-03-23,601318,13:47:04,57.5800,71,1
2026-03-23,601318,13:47:07,57.5800,160,1
2026-03-23,601318,13:47:10,57.5800,353,1
2026-03-23,601318,13:47:13,57.5800,60,1
2026-03-23,601318,13:47:16,57.5800,195,1
2026-03-23,601318,13:47:19,57.5800,273,1
2026-03-23,601318,13:47:22,57.5800,23,2
2026-03-23,601318,13:47:25,57.6000,57,1
2026-03-23,601318,13:47:28,57.6000,77,1
2026-03-23,601318,13:47:31,57.6000,34,2
2026-03-23,601318,13:47:34,57.6100,96,1
2026-03-23,601318,13:47:37,57.6000,51,2
2026-03-23,601318,13:47:40,57.6100,32,1
2026-03-23,601318,13:47:43,57.6100,29,1
2026-03-23,601318,13:47:46,57.6100,85,1
2026-03-23,601318,13:47:49,57.6100,112,2
2026-03-23,601318,13:47:52,57.6200,122,1
2026-03-23,601318,13:47:55,57.6200,96,1
2026-03-23,601318,13:47:58,57.6100,113,2
2026-03-23,601318,13:48:01,57.6100,101,2
2026-03-23,601318,13:48:04,57.6100,198,2
2026-03-23,601318,13:48:07,57.6000,559,2
2026-03-23,601318,13:48:10,57.5800,580,2
2026-03-23,601318,13:48:13,57.5600,121,2
2026-03-23,601318,13:48:16,57.5700,204,1
2026-03-23,601318,13:48:19,57.5500,94,2
2026-03-23,601318,13:48:22,57.5500,44,1
2026-03-23,601318,13:48:25,57.5500,118,1
2026-03-23,601318,13:48:28,57.5500,12,2
2026-03-23,601318,13:48:31,57.5500,43,2
2026-03-23,601318,13:48:34,57.5500,92,2
2026-03-23,601318,13:48:37,57.5600,92,1
2026-03-23,601318,13:48:40,57.5500,200,2
2026-03-23,601318,13:48:43,57.5500,19,2
2026-03-23,601318,13:48:46,57.5600,67,1
2026-03-23,601318,13:48:49,57.5500,20,2
2026-03-23,601318,13:48:52,57.5600,58,1
2026-03-23,601318,13:48:55,57.5500,200,2
2026-03-23,601318,13:48:58,57.5400,249,2
2026-03-23,601318,13:49:01,57.5500,95,1
2026-03-23,601318,13:49:04,57.5400,105,2
2026-03-23,601318,13:49:07,57.5500,48,1
2026-03-23,601318,13:49:10,57.5400,37,2
2026-03-23,601318,13:49:13,57.5400,108,2
2026-03-23,601318,13:49:16,57.5300,190,2
2026-03-23,601318,13:49:19,57.5500,113,1
2026-03-23,601318,13:49:22,57.5400,65,2
2026-03-23,601318,13:49:25,57.5400,62,2
2026-03-23,601318,13:49:28,57.5400,102,2
2026-03-23,601318,13:49:31,57.5500,60,1
2026-03-23,601318,13:49:34,57.5400,196,2
2026-03-23,601318,13:49:37,57.5500,92,1
2026-03-23,601318,13:49:40,57.5500,125,1
2026-03-23,601318,13:49:43,57.5500,133,2
2026-03-23,601318,13:49:46,57.5500,38,2
2026-03-23,601318,13:49:49,57.5500,187,2
2026-03-23,601318,13:49:52,57.5500,87,2
2026-03-23,601318,13:49:55,57.5500,15,2
2026-03-23,601318,13:49:58,57.5600,30,1
2026-03-23,601318,13:50:01,57.5500,41,2
2026-03-23,601318,13:50:04,57.5600,249,1
2026-03-23,601318,13:50:07,57.5600,30,2
2026-03-23,601318,13:50:10,57.5700,446,1
2026-03-23,601318,13:50:13,57.5800,145,1
2026-03-23,601318,13:50:16,57.6000,67,1
2026-03-23,601318,13:50:19,57.6000,126,1
2026-03-23,601318,13:50:22,57.6100,41,1
2026-03-23,601318,13:50:25,57.5800,435,2
2026-03-23,601318,13:50:28,57.5700,21,2
2026-03-23,601318,13:50:31,57.5800,62,1
2026-03-23,601318,13:50:34,57.5800,24,1
2026-03-23,601318,13:50:37,57.5800,15,1
2026-03-23,601318,13:50:40,57.5800,66,1
2026-03-23,601318,13:50:43,57.6100,168,1
2026-03-23,601318,13:50:46,57.5900,62,2
2026-03-23,601318,13:50:49,57.5800,148,2
2026-03-23,601318,13:50:52,57.5800,73,1
2026-03-23,601318,13:50:55,57.5700,56,2
2026-03-23,601318,13:50:58,57.5800,105,1
2026-03-23,601318,13:51:01,57.5800,53,1
2026-03-23,601318,13:51:04,57.5800,142,1
2026-03-23,601318,13:51:07,57.5800,99,1
2026-03-23,601318,13:51:10,57.5600,186,2
2026-03-23,601318,13:51:13,57.5700,101,1
2026-03-23,601318,13:51:16,57.5700,58,1
2026-03-23,601318,13:51:19,57.5700,55,2
2026-03-23,601318,13:51:22,57.5700,204,2
2026-03-23,601318,13:51:25,57.5800,34,1
2026-03-23,601318,13:51:28,57.5600,421,2
2026-03-23,601318,13:51:31,57.5500,315,2
2026-03-23,601318,13:51:34,57.5500,99,1
2026-03-23,601318,13:51:37,57.5300,162,2
2026-03-23,601318,13:51:40,57.5300,70,2
2026-03-23,601318,13:51:43,57.5400,92,1
2026-03-23,601318,13:51:46,57.5300,32,2
2026-03-23,601318,13:51:49,57.5400,144,1
2026-03-23,601318,13:51:52,57.5400,129,1
2026-03-23,601318,13:51:55,57.5500,175,1
2026-03-23,601318,13:51:58,57.5600,348,1
2026-03-23,601318,13:52:01,57.5500,159,4
2026-03-23,601318,13:52:04,57.5500,90,2
2026-03-23,601318,13:52:07,57.5600,152,1
2026-03-23,601318,13:52:10,57.5600,91,1
2026-03-23,601318,13:52:13,57.5600,31,1
2026-03-23,601318,13:52:16,57.5600,52,2
2026-03-23,601318,13:52:19,57.5600,80,2
2026-03-23,601318,13:52:22,57.5600,53,2
2026-03-23,601318,13:52:25,57.5700,129,1
2026-03-23,601318,13:52:28,57.5700,215,1
2026-03-23,601318,13:52:31,57.5600,16,2
2026-03-23,601318,13:52:34,57.5600,116,2
2026-03-23,601318,13:52:37,57.5600,83,1
2026-03-23,601318,13:52:40,57.5600,88,1
2026-03-23,601318,13:52:43,57.5600,29,1
2026-03-23,601318,13:52:46,57.5600,53,1
2026-03-23,601318,13:52:49,57.5600,18,1
2026-03-23,601318,13:52:52,57.5600,229,1
2026-03-23,601318,13:52:55,57.5600,279,1
2026-03-23,601318,13:52:58,57.5600,19,1
2026-03-23,601318,13:53:01,57.5600,107,1
2026-03-23,601318,13:53:04,57.5500,175,2
2026-03-23,601318,13:53:07,57.5500,78,2
2026-03-23,601318,13:53:10,57.5600,104,1
2026-03-23,601318,13:53:13,57.5600,88,1
2026-03-23,601318,13:53:16,57.5700,249,1
2026-03-23,601318,13:53:19,57.5700,267,1
2026-03-23,601318,13:53:22,57.5700,192,1
2026-03-23,601318,13:53:25,57.5800,87,1
2026-03-23,601318,13:53:28,57.5700,92,2
2026-03-23,601318,13:53:31,57.5800,106,1
2026-03-23,601318,13:53:34,57.6100,1945,1
2026-03-23,601318,13:53:37,57.6500,87,1
2026-03-23,601318,13:53:40,57.6500,364,1
2026-03-23,601318,13:53:43,57.6600,403,2
2026-03-23,601318,13:53:46,57.7200,95,1
2026-03-23,601318,13:53:49,57.7100,60,1
2026-03-23,601318,13:53:52,57.7300,129,1
2026-03-23,601318,13:53:55,57.7600,149,1
2026-03-23,601318,13:53:58,57.7600,880,2
2026-03-23,601318,13:54:01,57.7400,211,1
2026-03-23,601318,13:54:04,57.7500,245,1
2026-03-23,601318,13:54:07,57.7400,220,4
2026-03-23,601318,13:54:10,57.7400,99,1
2026-03-23,601318,13:54:13,57.7300,288,2
2026-03-23,601318,13:54:16,57.7100,117,2
2026-03-23,601318,13:54:19,57.7200,77,2
2026-03-23,601318,13:54:22,57.7200,195,2
2026-03-23,601318,13:54:25,57.7000,244,2
2026-03-23,601318,13:54:28,57.7000,72,1
2026-03-23,601318,13:54:31,57.6900,65,2
2026-03-23,601318,13:54:34,57.6800,180,2
2026-03-23,601318,13:54:37,57.6900,61,1
2026-03-23,601318,13:54:40,57.6500,226,2
2026-03-23,601318,13:54:43,57.6500,52,1
2026-03-23,601318,13:54:46,57.6400,132,2
2026-03-23,601318,13:54:49,57.6400,98,2
2026-03-23,601318,13:54:52,57.6400,226,1
2026-03-23,601318,13:54:55,57.6300,14,2
2026-03-23,601318,13:54:58,57.6300,10,2
2026-03-23,601318,13:55:01,57.6300,80,2
2026-03-23,601318,13:55:04,57.6400,26,1
2026-03-23,601318,13:55:07,57.6300,36,2
2026-03-23,601318,13:55:10,57.6400,61,1
2026-03-23,601318,13:55:13,57.6400,53,1
2026-03-23,601318,13:55:16,57.6500,68,1
2026-03-23,601318,13:55:19,57.6500,76,1
2026-03-23,601318,13:55:22,57.6500,102,1
2026-03-23,601318,13:55:25,57.6500,79,1
2026-03-23,601318,13:55:28,57.6400,53,2
2026-03-23,601318,13:55:31,57.6500,34,1
2026-03-23,601318,13:55:34,57.6500,40,1
2026-03-23,601318,13:55:37,57.6400,23,2
2026-03-23,601318,13:55:40,57.6600,310,1
2026-03-23,601318,13:55:43,57.6600,333,1
2026-03-23,601318,13:55:46,57.6600,42,1
2026-03-23,601318,13:55:49,57.7000,833,1
2026-03-23,601318,13:55:52,57.7100,1095,1
2026-03-23,601318,13:55:55,57.7400,64,1
2026-03-23,601318,13:55:58,57.7400,186,1
2026-03-23,601318,13:56:01,57.7300,343,2
2026-03-23,601318,13:56:04,57.7200,84,2
2026-03-23,601318,13:56:07,57.7100,52,2
2026-03-23,601318,13:56:10,57.7200,281,1
2026-03-23,601318,13:56:13,57.7100,34,2
2026-03-23,601318,13:56:16,57.7200,563,1
2026-03-23,601318,13:56:19,57.7100,332,2
2026-03-23,601318,13:56:22,57.7200,371,1
2026-03-23,601318,13:56:25,57.7200,151,2
2026-03-23,601318,13:56:28,57.7200,162,2
2026-03-23,601318,13:56:31,57.7500,89,1
2026-03-23,601318,13:56:34,57.7400,64,1
2026-03-23,601318,13:56:37,57.7400,7,1
2026-03-23,601318,13:56:40,57.7400,112,1
2026-03-23,601318,13:56:43,57.7400,21,1
2026-03-23,601318,13:56:46,57.7300,58,2
2026-03-23,601318,13:56:49,57.7400,61,1
2026-03-23,601318,13:56:52,57.7400,27,1
2026-03-23,601318,13:56:55,57.7400,24,1
2026-03-23,601318,13:56:58,57.7400,160,1
2026-03-23,601318,13:57:01,57.7300,173,2
2026-03-23,601318,13:57:04,57.7400,96,1
2026-03-23,601318,13:57:07,57.7400,65,2
2026-03-23,601318,13:57:10,57.7400,82,2
2026-03-23,601318,13:57:13,57.7400,80,2
2026-03-23,601318,13:57:16,57.7400,195,2
2026-03-23,601318,13:57:19,57.7400,292,1
2026-03-23,601318,13:57:22,57.7400,53,1
2026-03-23,601318,13:57:25,57.7400,47,1
2026-03-23,601318,13:57:28,57.7400,46,1
2026-03-23,601318,13:57:31,57.7300,41,2
2026-03-23,601318,13:57:34,57.7400,191,1
2026-03-23,601318,13:57:37,57.7400,99,2
2026-03-23,601318,13:57:40,57.7400,33,2
2026-03-23,601318,13:57:43,57.7300,472,2
2026-03-23,601318,13:57:46,57.7400,192,2
2026-03-23,601318,13:57:49,57.7400,112,4
2026-03-23,601318,13:57:52,57.7300,173,2
2026-03-23,601318,13:57:55,57.7300,17,2
2026-03-23,601318,13:57:58,57.7300,130,2
2026-03-23,601318,13:58:01,57.7300,35,1
2026-03-23,601318,13:58:04,57.7300,29,1
2026-03-23,601318,13:58:07,57.7300,80,1
2026-03-23,601318,13:58:10,57.7300,118,1
2026-03-23,601318,13:58:13,57.7300,118,1
2026-03-23,601318,13:58:16,57.7400,34,1
2026-03-23,601318,13:58:19,57.7300,137,2
2026-03-23,601318,13:58:22,57.7300,25,1
2026-03-23,601318,13:58:25,57.7400,58,1
2026-03-23,601318,13:58:28,57.7400,389,1
2026-03-23,601318,13:58:31,57.7400,133,2
2026-03-23,601318,13:58:34,57.7400,52,2
2026-03-23,601318,13:58:37,57.7500,97,1
2026-03-23,601318,13:58:40,57.7500,172,1
2026-03-23,601318,13:58:43,57.7400,177,2
2026-03-23,601318,13:58:46,57.7400,76,2
2026-03-23,601318,13:58:49,57.7500,37,1
2026-03-23,601318,13:58:52,57.7500,315,1
2026-03-23,601318,13:58:55,57.7500,254,1
2026-03-23,601318,13:58:58,57.7400,38,2
2026-03-23,601318,13:59:01,57.7300,644,2
2026-03-23,601318,13:59:04,57.7300,132,1
2026-03-23,601318,13:59:07,57.7300,53,1
2026-03-23,601318,13:59:10,57.7300,89,1
2026-03-23,601318,13:59:13,57.7300,98,1
2026-03-23,601318,13:59:16,57.7400,174,1
2026-03-23,601318,13:59:19,57.7300,176,2
2026-03-23,601318,13:59:22,57.7400,114,1
2026-03-23,601318,13:59:25,57.7300,62,2
2026-03-23,601318,13:59:28,57.7500,154,1
2026-03-23,601318,13:59:31,57.7400,64,4
2026-03-23,601318,13:59:34,57.7200,59,2
2026-03-23,601318,13:59:37,57.7300,43,1
2026-03-23,601318,13:59:40,57.7400,397,1
2026-03-23,601318,13:59:43,57.7300,377,2
2026-03-23,601318,13:59:46,57.7200,107,2
2026-03-23,601318,13:59:49,57.7000,406,2
2026-03-23,601318,13:59:52,57.6600,285,2
2026-03-23,601318,13:59:55,57.6500,178,2
2026-03-23,601318,13:59:58,57.6500,109,2
2026-03-23,601318,14:00:01,57.6300,251,2
2026-03-23,601318,14:00:04,57.6200,75,4
2026-03-23,601318,14:00:07,57.6000,384,2
2026-03-23,601318,14:00:10,57.6000,218,2
2026-03-23,601318,14:00:13,57.6000,249,1
2026-03-23,601318,14:00:16,57.5900,115,4
2026-03-23,601318,14:00:19,57.5700,219,2
2026-03-23,601318,14:00:22,57.5600,150,2
2026-03-23,601318,14:00:25,57.5500,685,2
2026-03-23,601318,14:00:28,57.5400,24,2
2026-03-23,601318,14:00:31,57.5500,68,1
2026-03-23,601318,14:00:34,57.5400,295,2
2026-03-23,601318,14:00:37,57.5400,176,2
2026-03-23,601318,14:00:40,57.5400,132,1
2026-03-23,601318,14:00:43,57.5400,22,1
2026-03-23,601318,14:00:46,57.5400,157,1
2026-03-23,601318,14:00:49,57.5300,197,2
2026-03-23,601318,14:00:52,57.5500,68,1
2026-03-23,601318,14:00:55,57.5500,208,1
2026-03-23,601318,14:00:58,57.5500,81,1
2026-03-23,601318,14:01:01,57.5500,65,2
2026-03-23,601318,14:01:04,57.5500,94,1
2026-03-23,601318,14:01:07,57.5500,110,1
2026-03-23,601318,14:01:10,57.5400,98,2
2026-03-23,601318,14:01:13,57.5400,21,2
2026-03-23,601318,14:01:16,57.5400,77,2
2026-03-23,601318,14:01:19,57.5400,77,2
2026-03-23,601318,14:01:22,57.5400,120,2
2026-03-23,601318,14:01:25,57.5500,96,1
2026-03-23,601318,14:01:28,57.5500,79,1
2026-03-23,601318,14:01:31,57.5400,548,2
2026-03-23,601318,14:01:34,57.5400,148,1
2026-03-23,601318,14:01:37,57.5300,191,2
2026-03-23,601318,14:01:40,57.5400,316,1
2026-03-23,601318,14:01:43,57.5400,37,1
2026-03-23,601318,14:01:46,57.5300,178,2
2026-03-23,601318,14:01:49,57.5300,97,2
2026-03-23,601318,14:01:52,57.5300,251,1
2026-03-23,601318,14:01:55,57.5200,194,2
2026-03-23,601318,14:01:58,57.5000,2275,2
2026-03-23,601318,14:02:01,57.5000,447,2
2026-03-23,601318,14:02:04,57.5100,201,1
2026-03-23,601318,14:02:07,57.4900,431,2
2026-03-23,601318,14:02:10,57.4800,200,2
2026-03-23,601318,14:02:13,57.5000,543,1
2026-03-23,601318,14:02:16,57.4700,250,2
2026-03-23,601318,14:02:19,57.4700,220,2
2026-03-23,601318,14:02:22,57.4800,141,1
2026-03-23,601318,14:02:25,57.4700,115,2
2026-03-23,601318,14:02:28,57.4600,206,2
2026-03-23,601318,14:02:31,57.4700,76,1
2026-03-23,601318,14:02:34,57.4600,40,2
2026-03-23,601318,14:02:37,57.4700,158,1
2026-03-23,601318,14:02:40,57.4700,36,1
2026-03-23,601318,14:02:43,57.4700,217,1
2026-03-23,601318,14:02:46,57.4700,67,2
2026-03-23,601318,14:02:49,57.4700,120,1
2026-03-23,601318,14:02:52,57.4700,224,1
2026-03-23,601318,14:02:55,57.4600,124,2
2026-03-23,601318,14:02:58,57.4700,89,1
2026-03-23,601318,14:03:01,57.4700,87,1
2026-03-23,601318,14:03:04,57.4700,208,1
2026-03-23,601318,14:03:07,57.4700,74,1
2026-03-23,601318,14:03:10,57.4700,341,1
2026-03-23,601318,14:03:13,57.4700,67,1
2026-03-23,601318,14:03:16,57.4500,231,2
2026-03-23,601318,14:03:19,57.4600,162,1
2026-03-23,601318,14:03:22,57.4600,45,1
2026-03-23,601318,14:03:25,57.4500,471,2
2026-03-23,601318,14:03:28,57.4500,218,2
2026-03-23,601318,14:03:31,57.4400,170,2
2026-03-23,601318,14:03:34,57.4300,380,2
2026-03-23,601318,14:03:37,57.4300,49,1
2026-03-23,601318,14:03:40,57.4300,158,1
2026-03-23,601318,14:03:43,57.4300,357,1
2026-03-23,601318,14:03:46,57.4100,241,2
2026-03-23,601318,14:03:49,57.4200,189,4
2026-03-23,601318,14:03:52,57.4200,225,1
2026-03-23,601318,14:03:55,57.4200,150,1
2026-03-23,601318,14:03:58,57.4200,128,1
2026-03-23,601318,14:04:01,57.4100,100,2
2026-03-23,601318,14:04:04,57.4200,722,1
2026-03-23,601318,14:04:07,57.4200,250,1
2026-03-23,601318,14:04:10,57.4100,262,2
2026-03-23,601318,14:04:13,57.4200,117,1
2026-03-23,601318,14:04:16,57.4200,98,2
2026-03-23,601318,14:04:19,57.4200,56,1
2026-03-23,601318,14:04:22,57.4200,227,1
2026-03-23,601318,14:04:25,57.4300,182,1
2026-03-23,601318,14:04:28,57.4200,29,2
2026-03-23,601318,14:04:31,57.4200,108,2
2026-03-23,601318,14:04:34,57.4200,67,2
2026-03-23,601318,14:04:37,57.4200,197,2
2026-03-23,601318,14:04:40,57.4100,141,2
2026-03-23,601318,14:04:43,57.4200,52,1
2026-03-23,601318,14:04:46,57.4200,56,1
2026-03-23,601318,14:04:49,57.4100,41,2
2026-03-23,601318,14:04:52,57.4100,544,2
2026-03-23,601318,14:04:55,57.4000,245,2
2026-03-23,601318,14:04:58,57.4200,169,1
2026-03-23,601318,14:05:01,57.4100,137,2
2026-03-23,601318,14:05:04,57.4200,528,1
2026-03-23,601318,14:05:07,57.4100,185,1
2026-03-23,601318,14:05:10,57.4000,391,2
2026-03-23,601318,14:05:13,57.4000,82,2
2026-03-23,601318,14:05:16,57.4000,472,2
2026-03-23,601318,14:05:19,57.4000,604,2
2026-03-23,601318,14:05:22,57.4000,444,2
2026-03-23,601318,14:05:25,57.4000,107,1
2026-03-23,601318,14:05:28,57.4000,129,1
2026-03-23,601318,14:05:31,57.4000,76,1
2026-03-23,601318,14:05:34,57.3900,336,2
2026-03-23,601318,14:05:37,57.3900,799,1
2026-03-23,601318,14:05:40,57.3800,196,2
2026-03-23,601318,14:05:43,57.3900,89,1
2026-03-23,601318,14:05:46,57.3800,213,2
2026-03-23,601318,14:05:49,57.3800,321,2
2026-03-23,601318,14:05:52,57.3800,115,1
2026-03-23,601318,14:05:55,57.3700,72,2
2026-03-23,601318,14:05:58,57.3700,301,2
2026-03-23,601318,14:06:01,57.3600,246,2
2026-03-23,601318,14:06:04,57.3700,173,1
2026-03-23,601318,14:06:07,57.3600,113,2
2026-03-23,601318,14:06:10,57.3600,227,2
2026-03-23,601318,14:06:13,57.3500,50,2
2026-03-23,601318,14:06:16,57.3400,781,2
2026-03-23,601318,14:06:19,57.3400,186,2
2026-03-23,601318,14:06:22,57.3300,193,2
2026-03-23,601318,14:06:25,57.3400,285,2
2026-03-23,601318,14:06:28,57.3200,156,2
2026-03-23,601318,14:06:31,57.3400,123,1
2026-03-23,601318,14:06:34,57.3200,209,2
2026-03-23,601318,14:06:37,57.3200,83,2
2026-03-23,601318,14:06:40,57.3300,138,1
2026-03-23,601318,14:06:43,57.3400,282,1
2026-03-23,601318,14:06:46,57.3600,1093,1
2026-03-23,601318,14:06:49,57.3700,179,1
2026-03-23,601318,14:06:52,57.3700,366,1
2026-03-23,601318,14:06:55,57.3500,214,2
2026-03-23,601318,14:06:58,57.3700,49,1
2026-03-23,601318,14:07:01,57.3500,113,2
2026-03-23,601318,14:07:04,57.3400,279,2
2026-03-23,601318,10:57:10,57.9600,142,2
2026-03-23,601318,10:57:13,57.9700,94,1
2026-03-23,601318,10:57:16,57.9800,119,1
2026-03-23,601318,10:57:19,57.9600,488,2
2026-03-23,601318,10:57:22,57.9600,247,1
2026-03-23,601318,10:57:25,57.9600,87,2
2026-03-23,601318,10:57:28,57.9600,28,1
2026-03-23,601318,10:57:31,57.9400,157,2
2026-03-23,601318,10:57:34,57.9500,15,4
2026-03-23,601318,10:57:37,57.9500,61,1
2026-03-23,601318,10:57:40,57.9500,40,2
2026-03-23,601318,10:57:43,57.9500,60,1
2026-03-23,601318,10:57:46,57.9500,38,1
2026-03-23,601318,10:57:49,57.9500,27,2
2026-03-23,601318,10:57:52,57.9600,92,1
2026-03-23,601318,10:57:55,57.9400,339,2
2026-03-23,601318,10:57:58,57.9300,263,2
2026-03-23,601318,10:58:01,57.9100,110,2
2026-03-23,601318,10:58:04,57.9300,184,1
2026-03-23,601318,10:58:07,57.9200,183,1
2026-03-23,601318,10:58:10,57.9300,136,1
2026-03-23,601318,10:58:13,57.9200,50,4
2026-03-23,601318,10:58:16,57.9100,57,2
2026-03-23,601318,10:58:19,57.9200,74,2
2026-03-23,601318,10:58:22,57.9300,54,1
2026-03-23,601318,10:58:25,57.9600,504,1
2026-03-23,601318,10:58:28,57.9600,85,1
2026-03-23,601318,10:58:31,57.9600,26,2
2026-03-23,601318,10:58:34,57.9700,53,1
2026-03-23,601318,10:58:37,57.9700,30,1
2026-03-23,601318,10:58:40,57.9700,40,1
2026-03-23,601318,10:58:43,57.9800,198,1
2026-03-23,601318,10:58:46,58.0000,1406,1
2026-03-23,601318,10:58:49,57.9900,176,4
2026-03-23,601318,10:58:52,57.9800,167,2
2026-03-23,601318,10:58:55,57.9800,137,2
2026-03-23,601318,10:58:58,57.9900,52,4
2026-03-23,601318,10:59:01,58.0000,155,1
2026-03-23,601318,10:59:04,57.9900,40,1
2026-03-23,601318,10:59:07,57.9900,24,1
2026-03-23,601318,10:59:10,57.9900,20,1
2026-03-23,601318,10:59:13,57.9800,131,2
2026-03-23,601318,10:59:16,58.0000,38,1
2026-03-23,601318,10:59:19,57.9900,75,2
2026-03-23,601318,10:59:22,57.9900,92,1
2026-03-23,601318,10:59:25,57.9900,59,2
2026-03-23,601318,10:59:28,58.0000,79,1
2026-03-23,601318,10:59:31,57.9800,55,2
2026-03-23,601318,10:59:34,57.9700,130,2
2026-03-23,601318,10:59:37,57.9700,150,1
2026-03-23,601318,10:59:40,57.9700,98,1
2026-03-23,601318,10:59:43,57.9600,93,2
2026-03-23,601318,10:59:46,57.9500,56,2
2026-03-23,601318,10:59:49,57.9600,76,1
2026-03-23,601318,10:59:52,57.9600,78,1
2026-03-23,601318,10:59:55,57.9600,45,1
2026-03-23,601318,10:59:58,57.9600,18,1
2026-03-23,601318,11:00:01,57.9700,56,1
2026-03-23,601318,11:00:04,57.9600,35,2
2026-03-23,601318,11:00:07,57.9500,171,2
2026-03-23,601318,11:00:10,57.9800,129,1
2026-03-23,601318,11:00:13,57.9800,42,1
2026-03-23,601318,11:00:16,57.9700,69,2
2026-03-23,601318,11:00:19,57.9700,737,2
2026-03-23,601318,11:00:22,57.9800,116,4
2026-03-23,601318,11:00:25,57.9800,32,2
2026-03-23,601318,11:00:28,57.9900,62,1
2026-03-23,601318,11:00:31,57.9900,190,1
2026-03-23,601318,11:00:34,57.9900,25,2
2026-03-23,601318,11:00:37,57.9900,44,2
2026-03-23,601318,11:00:40,57.9900,110,2
2026-03-23,601318,11:00:43,58.0000,74,1
2026-03-23,601318,11:00:46,57.9900,121,2
2026-03-23,601318,11:00:49,57.9900,108,1
2026-03-23,601318,11:00:52,58.0000,139,1
2026-03-23,601318,11:00:55,57.9900,553,2
2026-03-23,601318,11:00:58,58.0100,1147,1
2026-03-23,601318,11:01:01,58.0100,152,1
2026-03-23,601318,11:01:04,58.0100,369,1
2026-03-23,601318,11:01:07,58.0300,71,1
2026-03-23,601318,11:01:10,58.0300,322,1
2026-03-23,601318,11:01:13,58.0300,110,1
2026-03-23,601318,11:01:16,58.0300,169,1
2026-03-23,601318,11:01:19,58.0200,107,2
2026-03-23,601318,11:01:22,58.0400,119,1
2026-03-23,601318,11:01:25,58.0300,34,2
2026-03-23,601318,11:01:28,58.0400,27,1
2026-03-23,601318,11:01:31,58.0500,170,1
2026-03-23,601318,11:01:34,58.0500,37,1
2026-03-23,601318,11:01:37,58.0500,39,1
2026-03-23,601318,11:01:40,58.0400,251,2
2026-03-23,601318,11:01:43,58.0500,10,1
2026-03-23,601318,11:01:46,58.0500,25,1
2026-03-23,601318,11:01:49,58.0500,18,1
2026-03-23,601318,11:01:52,58.0500,19,1
2026-03-23,601318,11:01:55,58.0500,114,1
2026-03-23,601318,11:01:58,58.0500,136,1
2026-03-23,601318,11:02:01,58.0400,57,2
2026-03-23,601318,11:02:04,58.0400,47,2
2026-03-23,601318,11:02:07,58.0400,20,2
2026-03-23,601318,11:02:10,58.0500,378,1
2026-03-23,601318,11:02:13,58.0500,16,1
2026-03-23,601318,11:02:16,58.0500,117,1
2026-03-23,601318,11:02:19,58.0600,341,1
2026-03-23,601318,11:02:22,58.0800,1853,1
2026-03-23,601318,11:02:25,58.1000,500,1
2026-03-23,601318,11:02:28,58.1000,61,1
2026-03-23,601318,11:02:31,58.1100,185,1
2026-03-23,601318,11:02:34,58.1000,293,2
2026-03-23,601318,11:02:37,58.1000,110,1
2026-03-23,601318,11:02:40,58.1000,91,1
2026-03-23,601318,11:02:43,58.0900,86,2
2026-03-23,601318,11:02:46,58.1000,41,1
2026-03-23,601318,11:02:49,58.1000,52,1
2026-03-23,601318,11:02:52,58.1000,39,1
2026-03-23,601318,11:02:55,58.1000,46,1
2026-03-23,601318,11:02:58,58.1000,363,1
2026-03-23,601318,11:03:01,58.1500,1594,1
2026-03-23,601318,11:03:04,58.1700,625,1
2026-03-23,601318,11:03:07,58.1900,984,1
2026-03-23,601318,11:03:10,58.1900,133,1
2026-03-23,601318,11:03:13,58.1900,363,2
2026-03-23,601318,11:03:16,58.1900,121,2
2026-03-23,601318,11:03:19,58.1700,33,2
2026-03-23,601318,11:03:22,58.1700,142,4
2026-03-23,601318,11:03:25,58.1500,239,2
2026-03-23,601318,11:03:28,58.1400,96,2
2026-03-23,601318,11:03:31,58.1400,106,2
2026-03-23,601318,11:03:34,58.1400,98,1
2026-03-23,601318,11:03:37,58.1300,28,4
2026-03-23,601318,11:03:40,58.1300,39,4
2026-03-23,601318,11:03:43,58.1200,163,2
2026-03-23,601318,11:03:46,58.1200,71,1
2026-03-23,601318,11:03:49,58.1700,298,1
2026-03-23,601318,11:03:52,58.1300,11,2
2026-03-23,601318,11:03:55,58.1400,25,1
2026-03-23,601318,11:03:58,58.1400,54,2
2026-03-23,601318,11:04:01,58.1500,85,4
2026-03-23,601318,11:04:04,58.1500,74,2
2026-03-23,601318,11:04:07,58.1500,51,1
2026-03-23,601318,11:04:10,58.1400,233,2
2026-03-23,601318,11:04:13,58.1500,119,1
2026-03-23,601318,11:04:16,58.1400,208,2
2026-03-23,601318,11:04:19,58.1500,95,1
2026-03-23,601318,11:04:22,58.1400,238,2
2026-03-23,601318,11:04:25,58.1500,37,1
2026-03-23,601318,11:04:28,58.1500,90,1
2026-03-23,601318,11:04:31,58.1500,131,1
2026-03-23,601318,11:04:34,58.1200,498,2
2026-03-23,601318,11:04:37,58.1400,233,2
2026-03-23,601318,11:04:40,58.1400,42,1
2026-03-23,601318,11:04:43,58.1400,98,1
2026-03-23,601318,11:04:46,58.1400,70,1
2026-03-23,601318,11:04:49,58.1400,33,1
2026-03-23,601318,11:04:52,58.1600,163,1
2026-03-23,601318,11:04:55,58.1400,60,1
2026-03-23,601318,11:04:58,58.1300,58,2
2026-03-23,601318,11:05:01,58.1400,84,1
2026-03-23,601318,11:05:04,58.1300,78,1
2026-03-23,601318,11:05:07,58.1300,44,2
2026-03-23,601318,11:05:10,58.1200,67,2
2026-03-23,601318,11:05:13,58.1300,71,1
2026-03-23,601318,11:05:16,58.1300,87,1
2026-03-23,601318,11:05:19,58.1400,149,1
2026-03-23,601318,11:05:22,58.1400,238,1
2026-03-23,601318,11:05:25,58.1300,11,4
2026-03-23,601318,11:05:28,58.1300,49,2
2026-03-23,601318,11:05:31,58.1300,45,2
2026-03-23,601318,11:05:34,58.1400,116,1
2026-03-23,601318,11:05:37,58.1300,52,2
2026-03-23,601318,11:05:40,58.1300,105,1
2026-03-23,601318,11:05:43,58.1300,224,2
2026-03-23,601318,11:05:46,58.1000,209,2
2026-03-23,601318,11:05:49,58.0800,228,2
2026-03-23,601318,11:05:52,58.0800,216,2
2026-03-23,601318,11:05:55,58.0700,87,2
2026-03-23,601318,11:05:58,58.0400,113,2
2026-03-23,601318,11:06:01,58.0500,29,1
2026-03-23,601318,11:06:04,58.0400,72,2
2026-03-23,601318,11:06:07,58.0400,97,1
2026-03-23,601318,11:06:10,58.0300,47,1
2026-03-23,601318,11:06:13,58.0400,83,1
2026-03-23,601318,11:06:16,58.0300,20,4
2026-03-23,601318,11:06:19,58.0300,25,1
2026-03-23,601318,11:06:22,58.0200,69,2
2026-03-23,601318,11:06:25,58.0200,70,2
2026-03-23,601318,11:06:28,58.0200,125,2
2026-03-23,601318,11:06:31,58.0300,62,2
2026-03-23,601318,11:06:34,58.0300,162,2
2026-03-23,601318,11:06:37,58.0200,32,2
2026-03-23,601318,11:06:40,58.0200,65,2
2026-03-23,601318,11:06:43,58.0200,28,2
2026-03-23,601318,11:06:46,58.0200,22,2
2026-03-23,601318,11:06:49,58.0200,21,2
2026-03-23,601318,11:06:52,58.0200,81,2
2026-03-23,601318,11:06:55,58.0200,20,1
2026-03-23,601318,11:06:58,58.0300,37,1
2026-03-23,601318,11:07:01,58.0200,70,2
2026-03-23,601318,11:07:04,58.0200,64,1
2026-03-23,601318,11:07:07,58.0100,64,2
2026-03-23,601318,11:07:10,58.0100,99,2
2026-03-23,601318,11:07:13,58.0100,62,2
2026-03-23,601318,11:07:16,58.0100,76,2
2026-03-23,601318,11:07:19,58.0000,39,2
2026-03-23,601318,11:07:22,58.0000,32,2
2026-03-23,601318,11:07:25,58.0000,295,2
2026-03-23,601318,11:07:28,57.9900,1205,2
2026-03-23,601318,11:07:31,58.0000,113,1
2026-03-23,601318,11:07:34,58.0000,288,1
2026-03-23,601318,11:07:37,57.9800,112,2
2026-03-23,601318,11:07:40,58.0000,288,1
2026-03-23,601318,11:07:43,58.0000,29,1
2026-03-23,601318,11:07:46,58.0000,100,1
2026-03-23,601318,11:07:49,57.9900,62,2
2026-03-23,601318,11:07:52,57.9800,72,2
2026-03-23,601318,11:07:55,57.9800,23,2
2026-03-23,601318,11:07:58,57.9800,56,2
2026-03-23,601318,11:08:01,57.9900,53,1
2026-03-23,601318,11:08:04,57.9800,153,2
2026-03-23,601318,11:08:07,57.9900,10,1
2026-03-23,601318,11:08:10,57.9800,65,2
2026-03-23,601318,11:08:13,57.9800,38,2
2026-03-23,601318,11:08:16,57.9800,108,2
2026-03-23,601318,11:08:19,57.9900,46,1
2026-03-23,601318,11:08:22,57.9900,159,1
2026-03-23,601318,11:08:25,57.9900,44,1
2026-03-23,601318,11:08:28,58.0000,55,1
2026-03-23,601318,11:08:31,58.0000,28,1
2026-03-23,601318,11:08:34,57.9900,190,2
2026-03-23,601318,11:08:37,57.9900,70,1
2026-03-23,601318,11:08:40,57.9900,33,1
2026-03-23,601318,11:08:43,58.0000,704,1
2026-03-23,601318,11:08:46,58.0200,1102,1
2026-03-23,601318,11:08:49,58.0400,215,1
2026-03-23,601318,11:08:52,58.0500,375,1
2026-03-23,601318,11:08:55,58.0500,224,2
2026-03-23,601318,11:08:58,58.0500,139,2
2026-03-23,601318,11:09:01,58.0000,246,2
2026-03-23,601318,11:09:04,58.0500,106,1
2026-03-23,601318,11:09:07,58.0200,21,2
2026-03-23,601318,11:09:10,58.0200,58,2
2026-03-23,601318,11:09:13,58.0200,18,4
2026-03-23,601318,11:09:16,58.0500,56,1
2026-03-23,601318,11:09:19,58.0000,130,2
2026-03-23,601318,11:09:22,58.0100,54,4
2026-03-23,601318,11:09:25,58.0100,196,4
2026-03-23,601318,11:09:28,58.0300,6,1
2026-03-23,601318,11:09:31,58.0300,40,1
2026-03-23,601318,11:09:34,58.0100,161,2
2026-03-23,601318,11:09:37,58.0100,18,1
2026-03-23,601318,11:09:40,58.0100,35,1
2026-03-23,601318,11:09:43,58.0100,2,1
2026-03-23,601318,11:09:46,58.0000,138,2
2026-03-23,601318,11:09:49,58.0000,13,2
2026-03-23,601318,11:09:52,58.0000,37,2
2026-03-23,601318,11:09:55,58.0100,25,1
2026-03-23,601318,11:09:58,58.0000,29,2
2026-03-23,601318,11:10:01,58.0000,53,2
2026-03-23,601318,11:10:04,58.0000,305,2
2026-03-23,601318,11:10:07,58.0000,20,1
2026-03-23,601318,11:10:10,57.9900,173,2
2026-03-23,601318,11:10:13,58.0000,76,1
2026-03-23,601318,11:10:16,58.0000,9,1
2026-03-23,601318,11:10:19,58.0000,56,1
2026-03-23,601318,11:10:22,57.9900,182,2
2026-03-23,601318,11:10:25,57.9900,45,1
2026-03-23,601318,11:10:28,58.0000,409,1
2026-03-23,601318,11:10:31,58.0100,118,1
2026-03-23,601318,11:10:34,58.0200,212,2
2026-03-23,601318,11:10:37,58.0200,123,1
2026-03-23,601318,11:10:40,58.0200,17,2
2026-03-23,601318,11:10:43,58.0300,217,1
2026-03-23,601318,11:10:46,58.0400,68,2
2026-03-23,601318,11:10:49,58.0200,107,2
2026-03-23,601318,11:10:52,58.0200,56,2
2026-03-23,601318,11:10:55,58.0100,140,2
2026-03-23,601318,11:10:58,58.0000,45,2
2026-03-23,601318,11:11:01,58.0000,84,2
2026-03-23,601318,11:11:04,58.0000,114,2
2026-03-23,601318,11:11:07,57.9800,57,2
2026-03-23,601318,11:11:10,57.9900,67,1
2026-03-23,601318,11:11:13,57.9800,1,2
2026-03-23,601318,11:11:16,57.9700,36,2
2026-03-23,601318,11:11:19,57.9900,14,1
2026-03-23,601318,11:11:22,57.9800,77,4
2026-03-23,601318,11:11:25,57.9800,117,4
2026-03-23,601318,11:11:28,57.9700,72,2
2026-03-23,601318,11:11:31,57.9700,66,1
2026-03-23,601318,11:11:34,57.9700,164,1
2026-03-23,601318,11:11:37,57.9700,57,1
2026-03-23,601318,11:11:40,57.9500,41,2
2026-03-23,601318,11:11:43,57.9500,154,2
2026-03-23,601318,11:11:46,57.9500,40,2
2026-03-23,601318,11:11:49,57.9600,87,1
2026-03-23,601318,11:11:52,57.9600,35,1
2026-03-23,601318,11:11:55,57.9500,53,2
2026-03-23,601318,11:11:58,57.9500,129,2
2026-03-23,601318,11:12:01,57.9400,108,2
2026-03-23,601318,11:12:04,57.9400,67,2
2026-03-23,601318,11:12:07,57.9400,89,1
2026-03-23,601318,11:12:10,57.9300,23,2
2026-03-23,601318,11:12:13,57.9200,68,2
2026-03-23,601318,11:12:16,57.9300,30,1
2026-03-23,601318,11:12:19,57.9100,39,2
2026-03-23,601318,11:12:22,57.9100,105,2
2026-03-23,601318,11:12:25,57.9100,32,2
2026-03-23,601318,11:12:28,57.9200,48,1
2026-03-23,601318,11:12:31,57.9100,218,2
2026-03-23,601318,11:12:34,57.9100,271,1
2026-03-23,601318,11:12:37,57.9000,101,2
2026-03-23,601318,11:12:40,57.9100,128,1
2026-03-23,601318,11:12:43,57.9100,57,1
2026-03-23,601318,11:12:46,57.9100,110,1
2026-03-23,601318,11:12:49,57.8900,239,2
2026-03-23,601318,11:12:52,57.8900,113,2
2026-03-23,601318,11:12:55,57.8900,49,2
2026-03-23,601318,11:12:58,57.8900,235,1
2026-03-23,601318,11:13:01,57.8900,118,1
2026-03-23,601318,11:13:04,57.8800,255,2
2026-03-23,601318,11:13:07,57.8900,585,1
2026-03-23,601318,11:13:10,57.9000,398,1
2026-03-23,601318,11:13:13,57.9000,97,1
2026-03-23,601318,11:13:16,57.8800,334,2
2026-03-23,601318,11:13:19,57.8700,1235,2
2026-03-23,601318,11:13:22,57.8500,357,2
2026-03-23,601318,11:13:25,57.8200,71,2
2026-03-23,601318,11:13:28,57.8700,228,1
2026-03-23,601318,11:13:31,57.8200,101,2
2026-03-23,601318,11:13:34,57.8600,79,2
2026-03-23,601318,11:13:37,57.8400,68,2
2026-03-23,601318,11:13:40,57.8400,114,2
2026-03-23,601318,11:13:43,57.8200,42,2
2026-03-23,601318,11:13:46,57.8400,46,2
2026-03-23,601318,11:13:49,57.8600,272,1
2026-03-23,601318,11:13:52,57.9000,335,1
2026-03-23,601318,11:13:55,57.8800,89,1
2026-03-23,601318,11:13:58,57.8500,52,2
2026-03-23,601318,11:14:01,57.8700,21,1
2026-03-23,601318,11:14:04,57.8700,766,2
2026-03-23,601318,11:14:07,57.8300,203,2
2026-03-23,601318,11:14:10,57.8400,274,1
2026-03-23,601318,11:14:13,57.8400,277,1
2026-03-23,601318,11:14:16,57.8200,176,2
2026-03-23,601318,11:14:19,57.8200,461,1
2026-03-23,601318,11:14:22,57.8300,161,1
2026-03-23,601318,11:14:25,57.8300,83,1
2026-03-23,601318,11:14:28,57.8300,91,2
2026-03-23,601318,11:14:31,57.8400,84,1
2026-03-23,601318,11:14:34,57.8300,572,2
2026-03-23,601318,11:14:37,57.8200,294,2
2026-03-23,601318,11:14:40,57.8400,93,1
2026-03-23,601318,11:14:43,57.8800,647,1
2026-03-23,601318,11:14:46,57.8400,882,2
2026-03-23,601318,11:14:49,57.8500,74,4
2026-03-23,601318,11:14:52,57.8400,201,2
2026-03-23,601318,11:14:55,57.8300,109,2
2026-03-23,601318,11:14:58,57.8200,48,2
2026-03-23,601318,11:15:01,57.8200,37,2
2026-03-23,601318,11:15:04,57.8100,293,2
2026-03-23,601318,11:15:07,57.8300,126,1
2026-03-23,601318,11:15:10,57.8200,101,4
2026-03-23,601318,11:15:13,57.8300,69,2
2026-03-23,601318,11:15:16,57.8300,63,2
2026-03-23,601318,11:15:19,57.8200,102,2
2026-03-23,601318,11:15:22,57.8300,87,1
2026-03-23,601318,11:15:25,57.8300,59,1
2026-03-23,601318,11:15:28,57.8300,107,1
2026-03-23,601318,11:15:31,57.8100,88,2
2026-03-23,601318,11:15:34,57.8300,487,1
2026-03-23,601318,11:15:37,57.8000,251,2
2026-03-23,601318,11:15:40,57.8100,161,4
2026-03-23,601318,11:15:43,57.8100,395,1
2026-03-23,601318,11:15:46,57.8100,75,2
2026-03-23,601318,11:15:49,57.8200,126,4
2026-03-23,601318,11:15:52,57.8200,221,1
2026-03-23,601318,11:15:55,57.8200,114,1
2026-03-23,601318,11:15:58,57.8200,242,2
2026-03-23,601318,11:16:01,57.8200,117,2
2026-03-23,601318,11:16:04,57.8200,666,2
2026-03-23,601318,11:16:07,57.8300,320,1
2026-03-23,601318,11:16:10,57.8400,62,4
2026-03-23,601318,11:16:13,57.8500,130,2
2026-03-23,601318,11:16:16,57.8600,11,1
2026-03-23,601318,11:16:19,57.8600,134,1
2026-03-23,601318,11:16:22,57.8500,94,2
2026-03-23,601318,11:16:25,57.8500,133,1
2026-03-23,601318,11:16:28,57.8600,69,1
2026-03-23,601318,11:16:31,57.8600,176,2
2026-03-23,601318,11:16:34,57.8600,78,2
2026-03-23,601318,11:16:37,57.8600,91,1
2026-03-23,601318,11:16:40,57.8600,70,1
2026-03-23,601318,11:16:43,57.8600,45,2
2026-03-23,601318,11:16:46,57.8700,69,1
2026-03-23,601318,11:16:49,57.8700,53,2
2026-03-23,601318,11:16:52,57.8700,82,2
2026-03-23,601318,11:16:55,57.8600,60,2
2026-03-23,601318,11:16:58,57.8600,138,2
2026-03-23,601318,11:17:01,57.8600,154,1
2026-03-23,601318,11:17:04,57.8600,131,1
2026-03-23,601318,11:17:07,57.8600,110,1
2026-03-23,601318,11:17:10,57.8800,117,1
2026-03-23,601318,11:17:13,57.8800,75,2
2026-03-23,601318,11:17:16,57.8600,128,2
2026-03-23,601318,11:17:19,57.8800,250,1
2026-03-23,601318,11:17:22,57.8900,183,1
2026-03-23,601318,11:17:25,57.8700,104,2
2026-03-23,601318,11:17:28,57.8800,80,1
2026-03-23,601318,11:17:31,57.8700,46,1
2026-03-23,601318,11:17:34,57.8700,77,1
2026-03-23,601318,11:17:37,57.8700,410,1
2026-03-23,601318,11:17:40,57.8800,64,2
2026-03-23,601318,11:17:43,57.8700,164,2
2026-03-23,601318,11:17:46,57.8700,112,2
2026-03-23,601318,11:17:49,57.8700,71,2
2026-03-23,601318,11:17:52,57.8800,45,1
2026-03-23,601318,11:17:55,57.8700,46,2
2026-03-23,601318,11:17:58,57.8700,49,2
2026-03-23,601318,11:18:01,57.8800,83,1
2026-03-23,601318,11:18:04,57.8700,77,2
2026-03-23,601318,11:18:07,57.8700,74,2
2026-03-23,601318,11:18:10,57.8800,110,1
2026-03-23,601318,11:18:13,57.8800,77,1
2026-03-23,601318,11:18:16,57.8900,51,1
2026-03-23,601318,11:18:19,57.8900,109,2
2026-03-23,601318,11:18:22,57.9000,89,1
2026-03-23,601318,11:18:25,57.9000,148,1
2026-03-23,601318,11:18:28,57.9100,96,1
2026-03-23,601318,11:18:31,57.9100,89,1
2026-03-23,601318,11:18:34,57.9000,30,4
2026-03-23,601318,11:18:37,57.9000,64,1
2026-03-23,601318,11:18:40,57.9000,88,1
2026-03-23,601318,11:18:43,57.8900,78,2
2026-03-23,601318,11:18:46,57.8800,155,2
2026-03-23,601318,11:18:49,57.9100,79,1
2026-03-23,601318,11:18:52,57.8900,133,1
2026-03-23,601318,11:18:55,57.8900,62,2
2026-03-23,601318,11:18:58,57.9000,209,1
2026-03-23,601318,11:19:01,57.8900,173,1
2026-03-23,601318,11:19:04,57.8900,157,1
2026-03-23,601318,11:19:07,57.8800,125,1
2026-03-23,601318,11:19:10,57.8700,100,4
2026-03-23,601318,11:19:13,57.8600,137,2
2026-03-23,601318,11:19:16,57.8700,95,4
2026-03-23,601318,11:19:19,57.8700,172,2
2026-03-23,601318,11:19:22,57.8800,80,1
2026-03-23,601318,11:19:25,57.8600,207,2
2026-03-23,601318,11:19:28,57.8500,171,2
2026-03-23,601318,11:19:31,57.8600,61,2
2026-03-23,601318,11:19:34,57.8200,218,2
2026-03-23,601318,11:19:37,57.8600,74,1
2026-03-23,601318,11:19:40,57.8500,55,2
2026-03-23,601318,11:19:43,57.8600,42,1
2026-03-23,601318,11:19:46,57.8600,28,1
2026-03-23,601318,11:19:49,57.8500,89,2
2026-03-23,601318,11:19:52,57.8500,41,2
2026-03-23,601318,11:19:55,57.8600,92,1
2026-03-23,601318,11:19:58,57.8600,65,2
2026-03-23,601318,11:20:01,57.8600,36,2
2026-03-23,601318,11:20:04,57.8600,254,2
