date,code,time,price,volume,bs
2026-04-08,600519,13:59:31,1465.6000,7,1
2026-04-08,600519,13:59:34,1465.6000,6,1
2026-04-08,600519,13:59:37,1465.6000,4,1
2026-04-08,600519,13:59:40,1465.5800,7,2
2026-04-08,600519,13:59:43,1465.5900,3,2
2026-04-08,600519,13:59:46,1465.6000,4,1
2026-04-08,600519,13:59:49,1465.5800,6,2
2026-04-08,600519,13:59:52,1465.5900,3,4
2026-04-08,600519,13:59:55,1465.5800,7,2
2026-04-08,600519,13:59:58,1465.5900,8,1
2026-04-08,600519,14:00:01,1465.5400,0,1
2026-04-08,600519,14:00:04,1465.5500,3,2
2026-04-08,600519,14:00:07,1465.5800,2,1
2026-04-08,600519,14:00:10,1465.5900,2,1
2026-04-08,600519,14:00:13,1465.5800,8,2
2026-04-08,600519,14:00:16,1465.6000,17,1
2026-04-08,600519,14:00:19,1465.5900,8,2
2026-04-08,600519,14:00:22,1465.6300,8,1
2026-04-08,600519,14:00:25,1465.6400,6,1
2026-04-08,600519,14:00:28,1465.6300,4,2
2026-04-08,600519,14:00:31,1465.7600,7,1
2026-04-08,600519,14:00:34,1465.6400,3,2
2026-04-08,600519,14:00:37,1465.6500,3,2
2026-04-08,600519,14:00:40,1465.7800,3,1
2026-04-08,600519,14:00:43,1465.8000,13,1
2026-04-08,600519,14:00:46,1465.7700,2,2
2026-04-08,600519,14:00:49,1465.8101,8,1
2026-04-08,600519,14:00:52,1465.8400,3,1
2026-04-08,600519,14:00:55,1465.8500,3,1
2026-04-08,600519,14:00:58,1465.8101,2,2
2026-04-08,600519,14:01:01,1465.8800,6,1
2026-04-08,600519,14:01:04,1465.8500,1,2
2026-04-08,600519,14:01:07,1465.9000,3,1
2026-04-08,600519,14:01:10,1465.8400,3,2
2026-04-08,600519,14:01:13,1465.8400,5,2
2026-04-08,600519,14:01:16,1465.8600,1,2
2026-04-08,600519,14:01:19,1465.8500,4,2
2026-04-08,600519,14:01:22,1465.8500,1,2
2026-04-08,600519,14:01:25,1465.9000,1,1
2026-04-08,600519,14:01:28,1465.9000,6,1
2026-04-08,600519,14:01:31,1465.9200,6,1
2026-04-08,600519,14:01:34,1465.9301,3,2
2026-04-08,600519,14:01:37,1465.9600,3,1
2026-04-08,600519,14:01:40,1465.9900,12,1
2026-04-08,600519,14:01:43,1465.9900,2,1
2026-04-08,600519,14:01:46,1466.0000,5,1
2026-04-08,600519,14:01:49,1466.0000,6,1
2026-04-08,600519,14:01:52,1465.9800,44,2
2026-04-08,600519,14:01:55,1466.0000,2,1
2026-04-08,600519,14:01:58,1465.9200,4,2
2026-04-08,600519,14:02:01,1466.0000,7,1
2026-04-08,600519,14:02:04,1466.0000,16,1
2026-04-08,600519,14:02:07,1465.9301,8,2
2026-04-08,600519,14:02:10,1465.9100,5,2
2026-04-08,600519,14:02:13,1465.9301,8,2
2026-04-08,600519,14:02:19,1465.9200,2,1
2026-04-08,600519,14:02:22,1465.9100,3,2
2026-04-08,600519,14:02:25,1465.9200,6,1
2026-04-08,600519,14:02:28,1465.9000,5,2
2026-04-08,600519,14:02:31,1465.9200,6,1
2026-04-08,600519,14:02:34,1465.9399,8,1
2026-04-08,600519,14:02:37,1465.9100,4,2
2026-04-08,600519,14:02:40,1465.9000,5,2
2026-04-08,600519,14:02:43,1465.9500,2,1
2026-04-08,600519,14:02:49,1465.9700,7,1
2026-04-08,600519,14:02:52,1465.9200,4,2
2026-04-08,600519,14:02:55,1465.9200,8,2
2026-04-08,600519,14:03:01,1465.9200,2,2
2026-04-08,600519,14:03:10,1465.9200,4,2
2026-04-08,600519,14:03:13,1465.9100,4,2
2026-04-08,600519,14:03:16,1465.9399,4,2
2026-04-08,600519,14:03:19,1465.9100,5,2
2026-04-08,600519,14:03:22,1465.8500,14,2
2026-04-08,600519,14:03:25,1465.8700,5,1
2026-04-08,600519,14:03:28,1465.8500,2,2
2026-04-08,600519,14:03:31,1465.8600,3,2
2026-04-08,600519,14:03:34,1465.7800,20,2
2026-04-08,600519,14:03:37,1465.7800,4,2
2026-04-08,600519,14:03:43,1465.6500,4,2
2026-04-08,600519,14:03:46,1465.7800,3,1
2026-04-08,600519,14:03:52,1465.5800,4,2
2026-04-08,600519,14:03:55,1465.5300,7,2
2026-04-08,600519,14:03:58,1465.2900,2,2
2026-04-08,600519,14:04:01,1465.4100,3,2
2026-04-08,600519,14:04:04,1465.5500,4,1
2026-04-08,600519,14:04:07,1465.5300,4,1
2026-04-08,600519,14:04:10,1465.4500,2,2
2026-04-08,600519,14:04:13,1465.4200,4,2
2026-04-08,600519,14:04:16,1465.4600,1,2
2026-04-08,600519,14:04:19,1465.0100,25,2
2026-04-08,600519,14:04:22,1465.4100,2,1
2026-04-08,600519,14:04:25,1464.9301,8,2
2026-04-08,600519,14:04:28,1464.9399,2,2
2026-04-08,600519,14:04:31,1464.9399,1,1
2026-04-08,600519,14:04:34,1464.9399,5,2
2026-04-08,600519,14:04:37,1464.9900,6,2
2026-04-08,600519,14:04:40,1464.9301,3,2
2026-04-08,600519,14:04:43,1464.9200,3,2
2026-04-08,600519,14:04:49,1464.9301,4,1
2026-04-08,600519,14:04:55,1464.8101,16,2
2026-04-08,600519,14:05:01,1464.4100,4,2
2026-04-08,600519,14:05:04,1464.4000,1,2
2026-04-08,600519,14:05:07,1464.4000,7,2
2026-04-08,600519,14:05:13,1464.4100,4,2
2026-04-08,600519,14:05:16,1464.0601,6,2
2026-04-08,600519,14:05:19,1464.0601,2,2
2026-04-08,600519,14:05:22,1464.0500,1,2
2026-04-08,600519,14:05:25,1464.0500,1,2
2026-04-08,600519,14:05:31,1464.8000,14,1
2026-04-08,600519,14:05:34,1464.1000,4,2
2026-04-08,600519,14:05:37,1464.1000,2,2
2026-04-08,600519,14:05:40,1464.1000,3,2
2026-04-08,600519,14:05:43,1464.1100,1,2
2026-04-08,600519,14:05:46,1464.1100,6,2
2026-04-08,600519,14:05:49,1464.1100,3,2
2026-04-08,600519,14:05:52,1465.4200,24,1
2026-04-08,600519,14:05:55,1464.1300,4,2
2026-04-08,600519,14:05:58,1464.1500,4,2
2026-04-08,600519,14:06:01,1464.1500,4,2
2026-04-08,600519,14:06:04,1464.1500,1,2
2026-04-08,600519,14:06:07,1465.4399,1,1
2026-04-08,600519,14:06:10,1465.4399,3,1
2026-04-08,600519,14:06:13,1464.1600,3,2
2026-04-08,600519,14:06:16,1464.1700,1,2
2026-04-08,600519,14:06:22,1464.1700,6,2
2026-04-08,600519,14:06:25,1465.1600,6,2
2026-04-08,600519,14:06:28,1465.4301,7,1
2026-04-08,600519,14:06:31,1465.1300,8,2
2026-04-08,600519,14:06:34,1465.1200,8,2
2026-04-08,600519,14:06:37,1464.1801,3,2
2026-04-08,600519,14:06:40,1464.1400,2,2
2026-04-08,600519,14:06:43,1464.1899,1,1
2026-04-08,600519,14:06:46,1464.1899,4,1
2026-04-08,600519,14:06:49,1464.1200,3,2
2026-04-08,600519,14:06:52,1464.1100,2,2
2026-04-08,600519,14:06:58,1464.0100,2,2
2026-04-08,600519,14:07:01,1464.0000,4,2
2026-04-08,600519,14:07:04,1464.1200,5,1
2026-04-08,600519,14:07:13,1463.9700,6,2
2026-04-08,600519,14:07:16,1463.9800,2,2
2026-04-08,600519,14:07:19,1463.9600,3,2
2026-04-08,600519,14:07:25,1464.0000,4,1
2026-04-08,600519,14:07:28,1463.9700,1,2
2026-04-08,600519,14:07:31,1463.9700,6,2
2026-04-08,600519,14:07:34,1463.9700,1,2
2026-04-08,600519,14:07:37,1463.9700,1,2
2026-04-08,600519,14:07:40,1464.0000,3,1
2026-04-08,600519,14:07:43,1464.0000,1,1
2026-04-08,600519,14:07:46,1464.0000,3,1
2026-04-08,600519,14:07:49,1464.1500,3,1
2026-04-08,600519,14:07:52,1463.9800,6,2
2026-04-08,600519,14:07:55,1463.9600,6,2
2026-04-08,600519,14:07:58,1464.9500,11,1
2026-04-08,600519,14:08:01,1463.9100,13,2
2026-04-08,600519,14:08:04,1463.8900,9,2
2026-04-08,600519,14:08:07,1463.9399,6,1
2026-04-08,600519,14:08:10,1463.9399,1,1
2026-04-08,600519,14:08:13,1463.8900,15,2
2026-04-08,600519,14:08:16,1463.8800,2,2
2026-04-08,600519,14:08:19,1463.6700,5,2
2026-04-08,600519,14:08:22,1463.8700,5,1
2026-04-08,600519,14:08:25,1463.5699,2,2
2026-04-08,600519,14:08:28,1463.5699,1,2
2026-04-08,600519,14:08:31,1463.5000,1,2
2026-04-08,600519,14:08:34,1463.5699,3,1
2026-04-08,600519,14:08:37,1463.2400,2,2
2026-04-08,600519,14:08:40,1463.2000,1,2
2026-04-08,600519,14:08:46,1463.1700,1,2
2026-04-08,600519,14:08:49,1463.1700,8,2
2026-04-08,600519,14:08:52,1463.0000,4,2
2026-04-08,600519,14:08:55,1463.1700,5,1
2026-04-08,600519,14:09:01,1462.7800,1,2
2026-04-08,600519,14:09:04,1463.2300,8,1
2026-04-08,600519,14:09:07,1463.2800,4,1
2026-04-08,600519,14:09:10,1463.2300,4,2
2026-04-08,600519,14:09:13,1463.5800,6,1
2026-04-08,600519,14:09:19,1463.2400,2,2
2026-04-08,600519,14:09:22,1463.6700,1,1
2026-04-08,600519,14:09:25,1463.2400,1,2
2026-04-08,600519,14:09:28,1463.2300,3,2
2026-04-08,600519,14:09:31,1463.7700,5,1
2026-04-08,600519,14:09:34,1463.4700,1,2
2026-04-08,600519,14:09:37,1463.5000,2,2
2026-04-08,600519,14:09:40,1463.4700,3,2
2026-04-08,600519,14:09:43,1463.4700,3,2
2026-04-08,600519,14:09:49,1463.4800,1,1
2026-04-08,600519,14:09:52,1463.4700,4,2
2026-04-08,600519,14:09:55,1463.4700,1,2
2026-04-08,600519,14:09:58,1463.4000,10,2
2026-04-08,600519,14:10:01,1463.4000,4,2
2026-04-08,600519,14:10:04,1463.4700,4,1
2026-04-08,600519,14:10:07,1463.4700,4,1
2026-04-08,600519,14:10:10,1463.4000,6,2
2026-04-08,600519,14:10:16,1463.4000,7,2
2026-04-08,600519,14:10:19,1463.3300,5,2
2026-04-08,600519,14:10:22,1463.3101,2,2
2026-04-08,600519,14:10:25,1463.3000,1,2
2026-04-08,600519,14:10:31,1463.2500,1,2
2026-04-08,600519,14:10:37,1463.2000,5,2
2026-04-08,600519,14:10:49,1463.1801,4,2
2026-04-08,600519,14:10:55,1463.1801,1,2
2026-04-08,600519,14:11:01,1463.2000,2,1
2026-04-08,600519,14:11:04,1463.3600,13,1
2026-04-08,600519,14:11:07,1463.3600,6,2
2026-04-08,600519,14:11:10,1463.3600,3,2
2026-04-08,600519,14:11:13,1463.8700,1,1
2026-04-08,600519,14:11:16,1463.8700,3,1
2026-04-08,600519,14:11:22,1463.9100,5,1
2026-04-08,600519,14:11:25,1463.8700,4,2
2026-04-08,600519,14:11:28,1463.9100,3,2
2026-04-08,600519,14:11:31,1463.9800,2,1
2026-04-08,600519,14:11:34,1463.9900,3,1
2026-04-08,600519,14:11:37,1464.0000,6,1
2026-04-08,600519,14:11:40,1463.9900,6,2
2026-04-08,600519,14:11:46,1464.0000,4,1
2026-04-08,600519,14:11:49,1463.9500,3,2
2026-04-08,600519,14:11:52,1463.9900,3,1
2026-04-08,600519,14:11:55,1463.9399,5,2
2026-04-08,600519,14:12:01,1463.9399,6,2
2026-04-08,600519,14:12:04,1464.0000,5,1
2026-04-08,600519,14:12:07,1464.0500,9,1
2026-04-08,600519,14:12:10,1464.0500,8,2
2026-04-08,600519,14:12:13,1464.0000,6,2
2026-04-08,600519,14:12:16,1464.0100,3,1
2026-04-08,600519,14:12:19,1464.0100,4,1
2026-04-08,600519,14:12:22,1464.0100,1,2
2026-04-08,600519,14:12:25,1464.0500,3,2
2026-04-08,600519,14:12:31,1464.0100,2,2
2026-04-08,600519,14:12:34,1464.0100,7,2
2026-04-08,600519,14:12:37,1463.9900,3,2
2026-04-08,600519,14:12:40,1463.9600,10,2
2026-04-08,600519,14:12:43,1463.9500,1,2
2026-04-08,600519,14:12:46,1463.9000,21,2
2026-04-08,600519,14:12:49,1462.9900,1,2
2026-04-08,600519,14:12:52,1462.6600,2,2
2026-04-08,600519,14:12:55,1462.5000,3,2
2026-04-08,600519,14:13:01,1462.5000,2,1
2026-04-08,600519,14:13:07,1462.9800,3,1
2026-04-08,600519,14:13:10,1462.8000,13,2
2026-04-08,600519,14:13:13,1463.0000,3,2
2026-04-08,600519,14:13:16,1462.8000,4,2
2026-04-08,600519,14:13:22,1462.7800,2,2
2026-04-08,600519,14:13:25,1462.8800,3,2
2026-04-08,600519,14:13:31,1462.8101,1,2
2026-04-08,600519,14:13:34,1462.8199,3,2
2026-04-08,600519,14:13:37,1463.9399,4,1
2026-04-08,600519,14:13:40,1463.9600,3,1
2026-04-08,600519,14:13:43,1464.0900,4,1
2026-04-08,600519,14:13:46,1463.9000,4,2
2026-04-08,600519,14:13:49,1463.9000,1,1
2026-04-08,600519,14:13:52,1462.9301,1,2
2026-04-08,600519,14:13:55,1463.8900,1,1
2026-04-08,600519,14:14:01,1463.8900,1,1
2026-04-08,600519,14:14:04,1462.9700,1,2
2026-04-08,600519,14:14:07,1463.9000,2,1
2026-04-08,600519,14:14:10,1463.4301,3,1
2026-04-08,600519,14:14:13,1463.9900,7,1
2026-04-08,600519,14:14:16,1464.1000,9,1
2026-04-08,600519,14:14:19,1464.1000,6,1
2026-04-08,600519,14:14:22,1464.0000,9,2
2026-04-08,600519,14:14:25,1464.1000,1,2
2026-04-08,600519,14:14:28,1464.0300,10,2
2026-04-08,600519,14:14:31,1464.0000,4,2
2026-04-08,600519,14:14:34,1464.1700,1,1
2026-04-08,600519,14:14:37,1464.1000,2,1
2026-04-08,600519,14:14:40,1464.0500,5,2
2026-04-08,600519,14:14:43,1464.4900,2,1
2026-04-08,600519,14:14:46,1464.0601,4,2
2026-04-08,600519,14:14:49,1464.1000,3,1
2026-04-08,600519,14:14:52,1464.0900,3,1
2026-04-08,600519,14:14:55,1464.0900,1,1
2026-04-08,600519,14:14:58,1464.2700,4,1
2026-04-08,600519,14:15:01,1464.9600,4,1
2026-04-08,600519,14:15:04,1464.1100,4,2
2026-04-08,600519,14:15:07,1464.1200,1,2
2026-04-08,600519,14:15:10,1464.1100,1,2
2026-04-08,600519,14:15:13,1464.1100,1,2
2026-04-08,600519,14:15:19,1464.8800,5,1
2026-04-08,600519,14:15:22,1464.1200,1,2
2026-04-08,600519,14:15:25,1464.1100,10,2
2026-04-08,600519,14:15:31,1464.9900,8,1
2026-04-08,600519,14:15:34,1464.1300,11,2
2026-04-08,600519,14:15:37,1464.1200,4,2
2026-04-08,600519,14:15:40,1464.0699,3,2
2026-04-08,600519,14:15:43,1464.0699,4,2
2026-04-08,600519,14:15:46,1464.0699,2,1
2026-04-08,600519,14:15:52,1464.0699,2,1
2026-04-08,600519,14:15:55,1464.0601,1,2
2026-04-08,600519,14:15:58,1464.0601,1,2
2026-04-08,600519,14:16:01,1464.0601,2,2
2026-04-08,600519,14:16:04,1464.0699,5,1
2026-04-08,600519,14:16:07,1464.1000,5,1
2026-04-08,600519,14:16:10,1464.0900,1,2
2026-04-08,600519,14:16:13,1464.0699,3,2
2026-04-08,600519,14:16:16,1464.0800,1,2
2026-04-08,600519,14:16:19,1464.0800,1,2
2026-04-08,600519,14:16:22,1464.0601,10,2
2026-04-08,600519,14:16:25,1464.1000,3,1
2026-04-08,600519,14:16:28,1464.1100,4,1
2026-04-08,600519,14:16:34,1464.2000,4,1
2026-04-08,600519,14:16:37,1464.9399,3,1
2026-04-08,600519,14:16:40,1464.1500,1,2
2026-04-08,600519,14:16:43,1464.1500,1,2
2026-04-08,600519,14:16:46,1464.1100,20,2
2026-04-08,600519,14:16:49,1464.1100,2,2
2026-04-08,600519,14:16:52,1464.1000,2,2
2026-04-08,600519,14:16:55,1463.9900,33,2
2026-04-08,600519,14:16:58,1462.9500,3,2
2026-04-08,600519,14:17:01,1462.7600,4,2
2026-04-08,600519,14:17:04,1462.7900,5,1
2026-04-08,600519,14:17:07,1462.5100,10,2
2026-04-08,600519,14:17:10,1462.5000,4,2
2026-04-08,600519,14:17:13,1462.2800,8,2
2026-04-08,600519,14:17:16,1462.2800,3,2
2026-04-08,600519,14:17:19,1462.0000,5,2
2026-04-08,600519,14:17:22,1462.0000,5,2
2026-04-08,600519,14:17:25,1462.3500,3,1
2026-04-08,600519,14:17:28,1462.7100,3,1
2026-04-08,600519,14:17:31,1462.2700,11,2
2026-04-08,600519,14:17:34,1462.2700,8,1
2026-04-08,600519,14:17:37,1462.1000,6,2
2026-04-08,600519,14:17:43,1462.0300,8,1
2026-04-08,600519,14:17:46,1462.1000,9,1
2026-04-08,600519,14:17:52,1462.0200,3,2
2026-04-08,600519,14:17:58,1462.0300,1,2
2026-04-08,600519,14:18:04,1462.0000,1,2
2026-04-08,600519,14:18:07,1462.0200,3,1
2026-04-08,600519,14:18:10,1462.0200,2,1
2026-04-08,600519,14:18:13,1462.0000,2,2
2026-04-08,600519,14:18:16,1461.9700,2,1
2026-04-08,600519,14:18:22,1461.9301,14,2
2026-04-08,600519,14:18:25,1461.8600,15,2
2026-04-08,600519,14:18:28,1461.5800,2,2
2026-04-08,600519,14:18:31,1461.3300,10,2
2026-04-08,600519,14:18:34,1461.1100,2,2
2026-04-08,600519,14:18:37,1461.0100,9,2
2026-04-08,600519,14:18:40,1461.0000,10,2
2026-04-08,600519,14:18:43,1461.0000,8,1
2026-04-08,600519,14:18:46,1461.0000,25,1
2026-04-08,600519,14:18:49,1461.4900,55,1
2026-04-08,600519,14:18:52,1461.4900,8,2
2026-04-08,600519,14:18:55,1461.4200,10,2
2026-04-08,600519,14:18:58,1461.4200,4,2
2026-04-08,600519,14:19:01,1461.0100,5,2
2026-04-08,600519,14:19:07,1461.0200,4,1
2026-04-08,600519,14:19:13,1461.2000,1,2
2026-04-08,600519,14:19:16,1461.4900,5,1
2026-04-08,600519,14:19:19,1461.5300,1,2
2026-04-08,600519,14:19:22,1461.5200,0,2
2026-04-08,600519,14:19:25,1461.5300,8,2
2026-04-08,600519,14:19:28,1461.4600,4,2
2026-04-08,600519,14:19:31,1461.4600,3,2
2026-04-08,600519,14:19:34,1461.4500,3,2
2026-04-08,600519,14:19:40,1461.4500,3,2
2026-04-08,600519,14:19:43,1461.4600,3,1
2026-04-08,600519,14:19:46,1461.4500,2,2
2026-04-08,600519,14:19:52,1461.4600,7,1
2026-04-08,600519,14:19:55,1461.4500,3,2
2026-04-08,600519,14:19:58,1461.4500,4,2
2026-04-08,600519,14:20:01,1461.4500,1,1
2026-04-08,600519,14:20:07,1461.4200,2,2
2026-04-08,600519,14:20:10,1461.4500,4,1
2026-04-08,600519,14:20:16,1461.4500,2,2
2026-04-08,600519,14:20:22,1461.4500,1,2
2026-04-08,600519,14:20:25,1461.4500,1,2
2026-04-08,600519,14:20:28,1461.4500,2,2
2026-04-08,600519,14:20:31,1461.4500,2,2
2026-04-08,600519,14:20:40,1461.4900,3,1
2026-04-08,600519,14:20:43,1461.5000,3,1
2026-04-08,600519,14:20:52,1461.5000,3,2
2026-04-08,600519,14:20:55,1461.5000,6,2
2026-04-08,600519,14:20:58,1461.7600,2,1
2026-04-08,600519,14:21:04,1461.7600,3,1
2026-04-08,600519,14:21:07,1461.6600,4,4
2026-04-08,600519,14:21:10,1461.8800,2,1
2026-04-08,600519,14:21:13,1461.9000,6,1
2026-04-08,600519,14:21:16,1461.9700,1,1
2026-04-08,600519,14:21:22,1461.9700,2,1
2026-04-08,600519,14:21:25,1461.7600,2,2
2026-04-08,600519,14:21:28,1461.7000,3,2
2026-04-08,600519,14:21:34,1461.7600,1,1
2026-04-08,600519,14:21:37,1461.9700,3,1
2026-04-08,600519,14:21:40,1462.0000,2,1
2026-04-08,600519,14:21:43,1461.9700,4,2
2026-04-08,600519,14:21:49,1461.9900,1,4
2026-04-08,600519,14:21:52,1461.9900,1,2
2026-04-08,600519,14:21:55,1462.0000,3,1
2026-04-08,600519,14:22:01,1462.0000,5,1
2026-04-08,600519,14:22:04,1462.0200,6,1
2026-04-08,600519,14:22:07,1462.0200,6,1
2026-04-08,600519,14:22:10,1462.5000,24,1
2026-04-08,600519,14:22:13,1463.0000,3,1
2026-04-08,600519,14:22:16,1463.1600,2,1
2026-04-08,600519,14:22:22,1463.0100,5,2
2026-04-08,600519,14:22:28,1463.9200,2,1
2026-04-08,600519,14:22:31,1463.0200,1,2
2026-04-08,600519,14:22:37,1463.9301,1,1
2026-04-08,600519,14:22:40,1463.0100,1,2
2026-04-08,600519,14:22:43,1463.9301,3,1
2026-04-08,600519,14:22:46,1463.9700,4,1
2026-04-08,600519,14:22:49,1463.9100,1,1
2026-04-08,600519,14:22:55,1463.9301,12,1
2026-04-08,600519,14:22:58,1463.7900,1,1
2026-04-08,600519,14:23:04,1463.9200,4,1
2026-04-08,600519,14:23:07,1463.9200,1,1
2026-04-08,600519,14:23:10,1463.9301,20,1
2026-04-08,600519,14:23:13,1463.9500,6,1
2026-04-08,600519,14:23:16,1463.9200,2,2
2026-04-08,600519,14:23:19,1463.9500,20,1
2026-04-08,600519,14:23:22,1463.9500,5,2
2026-04-08,600519,14:23:25,1463.9500,1,1
2026-04-08,600519,14:23:28,1463.9500,6,1
2026-04-08,600519,14:23:31,1463.9399,1,4
2026-04-08,600519,14:23:34,1463.8300,16,2
2026-04-08,600519,14:23:37,1463.9301,2,1
2026-04-08,600519,14:23:40,1463.9301,5,1
2026-04-08,600519,14:23:46,1463.0500,2,2
2026-04-08,600519,14:23:49,1463.9200,3,1
2026-04-08,600519,14:23:55,1463.0500,11,2
2026-04-08,600519,14:23:58,1463.0500,6,1
2026-04-08,600519,14:24:01,1463.0500,7,1
2026-04-08,600519,14:24:04,1463.9500,6,1
2026-04-08,600519,14:24:07,1463.9500,2,2
2026-04-08,600519,14:24:10,1463.9600,4,1
2026-04-08,600519,14:24:13,1463.9900,4,1
2026-04-08,600519,14:24:19,1464.0000,4,1
2026-04-08,600519,14:24:22,1464.0500,5,1
2026-04-08,600519,14:24:25,1464.5000,4,1
2026-04-08,600519,14:24:28,1463.9700,5,2
2026-04-08,600519,14:24:31,1464.0300,3,1
2026-04-08,600519,14:24:34,1463.9600,2,2
2026-04-08,600519,14:24:40,1463.9600,4,2
2026-04-08,600519,14:24:43,1463.9600,1,2
2026-04-08,600519,14:24:49,1464.0500,1,1
2026-04-08,600519,14:24:58,1464.0300,3,2
2026-04-08,600519,14:25:01,1464.8000,9,1
2026-04-08,600519,14:25:04,1464.8000,2,1
2026-04-08,600519,14:25:07,1464.8700,4,1
2026-04-08,600519,14:25:10,1464.8800,4,1
2026-04-08,600519,14:25:13,1464.8900,5,1
2026-04-08,600519,14:25:16,1464.0699,6,2
2026-04-08,600519,14:25:25,1464.8800,7,1
2026-04-08,600519,14:25:31,1464.0699,4,2
2026-04-08,600519,14:25:34,1464.8700,2,1
2026-04-08,600519,14:25:43,1464.0699,2,2
2026-04-08,600519,14:25:46,1464.8199,3,1
2026-04-08,600519,14:25:49,1464.8199,1,1
2026-04-08,600519,14:25:52,1464.8000,1,1
2026-04-08,600519,14:25:55,1464.8300,2,1
2026-04-08,600519,14:25:58,1464.8199,1,1
2026-04-08,600519,14:26:01,1464.8600,2,1
2026-04-08,600519,14:26:04,1464.8800,6,1
2026-04-08,600519,14:26:07,1464.8800,4,2
2026-04-08,600519,14:26:10,1464.8199,8,2
2026-04-08,600519,14:26:13,1464.9399,1,1
2026-04-08,600519,14:26:16,1464.8700,4,2
2026-04-08,600519,14:26:19,1464.8400,5,2
2026-04-08,600519,14:26:22,1464.9301,5,1
2026-04-08,600519,14:26:28,1464.9800,5,1
2026-04-08,600519,14:26:31,1464.9800,4,1
2026-04-08,600519,14:26:34,1464.9800,1,1
2026-04-08,600519,14:26:37,1464.9900,2,1
2026-04-08,600519,14:26:40,1464.9800,2,1
2026-04-08,600519,14:26:43,1464.9800,5,2
2026-04-08,600519,14:26:46,1464.9900,6,1
2026-04-08,600519,14:26:49,1464.9800,2,1
2026-04-08,600519,14:26:55,1464.8800,4,1
2026-04-08,600519,14:27:01,1464.9000,1,2
2026-04-08,600519,14:27:04,1464.9000,2,2
2026-04-08,600519,14:27:10,1464.9000,3,2
2026-04-08,600519,14:27:13,1464.9000,6,2
2026-04-08,600519,14:27:16,1464.8900,1,2
2026-04-08,600519,14:27:19,1464.8800,2,2
2026-04-08,600519,14:27:28,1464.8900,1,1
2026-04-08,600519,14:27:31,1464.8199,16,2
2026-04-08,600519,14:27:34,1464.8900,6,1
2026-04-08,600519,14:27:40,1464.8101,3,2
2026-04-08,600519,14:27:46,1464.8101,8,2
2026-04-08,600519,14:27:52,1464.8101,2,2
2026-04-08,600519,14:27:55,1464.8500,1,1
2026-04-08,600519,14:28:01,1464.8000,5,2
2026-04-08,600519,14:28:04,1464.7600,2,1
2026-04-08,600519,14:28:10,1464.8101,1,1
2026-04-08,600519,14:28:13,1464.7600,3,2
2026-04-08,600519,14:28:16,1464.8101,1,1
2026-04-08,600519,14:28:22,1464.7500,7,2
2026-04-08,600519,14:28:25,1464.7500,4,2
2026-04-08,600519,14:28:28,1464.7100,1,2
2026-04-08,600519,14:28:31,1464.7500,1,1
2026-04-08,600519,14:28:34,1464.7100,3,2
2026-04-08,600519,14:28:43,1464.6899,2,2
2026-04-08,600519,14:28:46,1464.7100,4,1
2026-04-08,600519,14:28:49,1464.6801,1,2
2026-04-08,600519,14:28:52,1464.6801,5,2
2026-04-08,600519,14:28:55,1464.6801,2,2
2026-04-08,600519,14:28:58,1464.6801,5,2
2026-04-08,600519,14:29:01,1464.6801,2,2
2026-04-08,600519,14:29:07,1464.6400,2,2
2026-04-08,600519,14:29:13,1464.6801,1,1
2026-04-08,600519,14:29:16,1464.6700,3,1
2026-04-08,600519,14:29:22,1464.6500,1,2
2026-04-08,600519,14:29:28,1464.6801,3,1
2026-04-08,600519,14:29:31,1464.7100,2,1
2026-04-08,600519,14:29:34,1464.6400,5,2
2026-04-08,600519,14:29:37,1464.6400,13,1
2026-04-08,600519,14:29:40,1464.6400,10,1
2026-04-08,600519,14:29:43,1464.6300,11,1
2026-04-08,600519,14:29:46,1464.5699,1,2
2026-04-08,600519,14:29:49,1464.5699,1,2
2026-04-08,600519,14:29:52,1464.5699,1,2
2026-04-08,600519,14:30:01,1464.5900,1,2
2026-04-08,600519,14:30:04,1464.5800,1,2
2026-04-08,600519,14:30:10,1464.6000,1,1
2026-04-08,600519,14:30:13,1464.6100,1,1
2026-04-08,600519,14:30:16,1464.6000,4,1
2026-04-08,600519,14:30:19,1464.5900,1,1
2026-04-08,600519,14:30:22,1464.5900,1,1
2026-04-08,600519,14:30:28,1464.5800,4,2
2026-04-08,600519,14:30:31,1464.5900,6,1
2026-04-08,600519,14:30:34,1464.5800,2,2
2026-04-08,600519,14:30:37,1464.5800,2,2
2026-04-08,600519,14:30:43,1464.5800,6,2
2026-04-08,600519,14:30:46,1464.5900,6,1
2026-04-08,600519,14:30:49,1464.6100,2,1
2026-04-08,600519,14:30:52,1464.6200,2,1
2026-04-08,600519,14:30:55,1464.6300,3,1
2026-04-08,600519,14:30:58,1464.6300,4,1
2026-04-08,600519,14:31:01,1464.6400,4,1
2026-04-08,600519,14:31:04,1464.6400,2,1
2026-04-08,600519,14:31:07,1464.6400,2,1
2026-04-08,600519,14:31:10,1464.6300,2,2
2026-04-08,600519,14:31:16,1464.6200,11,2
2026-04-08,600519,14:31:19,1464.6300,3,2
2026-04-08,600519,14:31:22,1464.6400,10,1
2026-04-08,600519,14:31:28,1464.6200,2,2
2026-04-08,600519,14:31:31,1464.6300,1,1
2026-04-08,600519,14:31:34,1464.6200,3,2
2026-04-08,600519,14:31:37,1464.6200,8,2
2026-04-08,600519,14:31:40,1464.6100,7,2
2026-04-08,600519,14:31:43,1464.6000,7,2
2026-04-08,600519,14:31:46,1464.6100,1,1
2026-04-08,600519,14:31:49,1464.5900,1,2
2026-04-08,600519,14:31:52,1464.6100,10,1
2026-04-08,600519,14:31:58,1464.5900,23,2
2026-04-08,600519,14:32:01,1464.6100,1,1
2026-04-08,600519,14:32:04,1464.6100,3,2
2026-04-08,600519,14:32:07,1464.6100,1,2
2026-04-08,600519,14:32:13,1464.6300,6,1
2026-04-08,600519,14:32:16,1464.6300,2,1
2026-04-08,600519,14:32:19,1464.5900,1,2
2026-04-08,600519,14:32:25,1464.6400,13,1
2026-04-08,600519,14:32:28,1464.6400,2,1
2026-04-08,600519,14:32:34,1464.6200,1,2
2026-04-08,600519,14:32:37,1464.6100,8,2
2026-04-08,600519,14:32:40,1464.6100,2,2
2026-04-08,600519,14:32:43,1464.6000,11,2
2026-04-08,600519,14:32:55,1464.6100,2,2
2026-04-08,600519,14:33:01,1464.6100,3,2
2026-04-08,600519,14:33:04,1464.6400,5,1
2026-04-08,600519,14:33:07,1464.6000,4,2
2026-04-08,600519,14:33:10,1464.6400,1,1
2026-04-08,600519,14:33:13,1464.6801,9,1
2026-04-08,600519,14:33:16,1464.7000,1,1
2026-04-08,600519,14:33:19,1464.6600,2,2
2026-04-08,600519,14:33:28,1464.7000,7,1
2026-04-08,600519,14:33:31,1464.7600,6,1
2026-04-08,600519,14:33:34,1464.7600,2,1
2026-04-08,600519,14:33:37,1464.7600,7,1
2026-04-08,600519,14:33:40,1464.7600,6,1
2026-04-08,600519,14:33:43,1464.7600,4,1
2026-04-08,600519,14:33:46,1464.8000,3,1
2026-04-08,600519,14:33:49,1464.8900,5,1
2026-04-08,600519,14:33:55,1464.8900,6,1
2026-04-08,600519,14:33:58,1464.8800,3,2
2026-04-08,600519,14:34:01,1464.8800,1,2
2026-04-08,600519,14:34:04,1464.8900,4,1
2026-04-08,600519,14:34:07,1464.8900,3,1
2026-04-08,600519,14:34:10,1464.8800,8,2
2026-04-08,600519,14:34:13,1464.9000,4,1
2026-04-08,600519,14:34:16,1464.9600,2,1
2026-04-08,600519,14:34:19,1464.9700,1,4
2026-04-08,600519,14:34:22,1464.9700,3,2
2026-04-08,600519,14:34:25,1464.9700,2,2
2026-04-08,600519,14:34:28,1464.9800,4,1
2026-04-08,600519,14:34:31,1464.9800,2,2
2026-04-08,600519,14:34:34,1464.9800,1,2
2026-04-08,600519,14:34:37,1464.9200,17,2
2026-04-08,600519,14:34:40,1464.8600,7,2
2026-04-08,600519,14:34:46,1464.6600,2,2
2026-04-08,600519,14:34:49,1464.9200,12,1
2026-04-08,600519,14:34:55,1464.6700,1,2
2026-04-08,600519,14:34:58,1464.8600,5,1
2026-04-08,600519,14:35:01,1464.8600,2,2
2026-04-08,600519,14:35:04,1464.8600,4,2
2026-04-08,600519,14:35:10,1464.9600,11,1
2026-04-08,600519,14:35:19,1464.9200,16,2
2026-04-08,600519,14:35:22,1464.9301,5,2
2026-04-08,600519,14:35:28,1464.9301,1,1
2026-04-08,600519,14:35:34,1464.8700,1,2
2026-04-08,600519,14:35:40,1464.9301,4,2
2026-04-08,600519,14:35:43,1464.8700,5,2
2026-04-08,600519,14:35:46,1464.9301,7,1
2026-04-08,600519,14:35:49,1464.9301,2,2
2026-04-08,600519,14:35:52,1464.9600,5,1
2026-04-08,600519,14:35:55,1464.9700,6,1
2026-04-08,600519,14:36:01,1464.9600,1,2
2026-04-08,600519,14:36:04,1464.9600,6,2
2026-04-08,600519,14:36:07,1464.9600,1,2
2026-04-08,600519,14:36:10,1464.9600,9,2
2026-04-08,600519,14:36:13,1464.8700,8,2
2026-04-08,600519,14:36:16,1464.8600,6,2
2026-04-08,600519,14:36:19,1464.9399,4,1
2026-04-08,600519,14:36:22,1464.6700,19,2
2026-04-08,600519,14:36:25,1464.6100,3,2
2026-04-08,600519,14:36:28,1464.5900,5,2
2026-04-08,600519,14:36:31,1464.6100,2,1
2026-04-08,600519,14:36:34,1464.5900,1,2
2026-04-08,600519,14:36:37,1464.5900,3,2
2026-04-08,600519,14:36:43,1464.5800,6,2
2026-04-08,600519,14:36:46,1464.5800,5,2
2026-04-08,600519,14:36:49,1464.5900,9,1
2026-04-08,600519,14:36:52,1464.1500,17,2
2026-04-08,600519,14:36:55,1464.0800,3,2
2026-04-08,600519,14:36:58,1464.0699,3,2
2026-04-08,600519,14:37:01,1464.0000,6,2
2026-04-08,600519,14:37:04,1464.0699,2,1
2026-04-08,600519,14:37:07,1464.0699,1,2
2026-04-08,600519,14:37:10,1464.0699,2,2
2026-04-08,600519,14:37:22,1464.3800,3,1
2026-04-08,600519,14:37:25,1464.3800,4,1
2026-04-08,600519,14:37:28,1464.5500,1,1
2026-04-08,600519,14:37:31,1464.5601,8,1
2026-04-08,600519,14:37:34,1464.5601,2,2
2026-04-08,600519,14:37:37,1464.5601,1,2
2026-04-08,600519,14:37:40,1464.5601,5,2
2026-04-08,600519,14:37:43,1464.3900,6,2
2026-04-08,600519,14:37:52,1464.3000,2,2
2026-04-08,600519,14:37:55,1464.5100,7,1
2026-04-08,600519,14:37:58,1464.5601,2,1
2026-04-08,600519,14:38:01,1464.5601,3,1
2026-04-08,600519,14:38:07,1464.5900,7,1
2026-04-08,600519,14:38:10,1464.9399,7,1
2026-04-08,600519,14:38:13,1464.5900,6,2
2026-04-08,600519,14:38:16,1464.9399,3,1
2026-04-08,600519,14:38:19,1464.5900,6,2
2026-04-08,600519,14:38:22,1464.9399,3,1
2026-04-08,600519,14:38:25,1464.9399,1,1
2026-04-08,600519,14:38:31,1464.9399,4,1
2026-04-08,600519,14:38:34,1464.9399,3,1
2026-04-08,600519,14:38:37,1464.9301,1,1
2026-04-08,600519,14:38:40,1464.9399,7,1
2026-04-08,600519,14:38:43,1464.6000,11,2
2026-04-08,600519,14:38:46,1464.6000,8,1
2026-04-08,600519,14:38:52,1464.6100,4,1
2026-04-08,600519,14:38:55,1464.9399,1,2
2026-04-08,600519,14:38:58,1464.9500,4,1
2026-04-08,600519,14:39:01,1464.9399,5,1
2026-04-08,600519,14:39:04,1464.9500,4,1
2026-04-08,600519,14:39:07,1464.9399,3,2
2026-04-08,600519,14:39:10,1464.9399,2,1
2026-04-08,600519,14:39:13,1464.9399,2,2
2026-04-08,600519,14:39:16,1464.9399,4,2
2026-04-08,600519,14:39:19,1464.9500,3,1
2026-04-08,600519,14:39:22,1464.9399,2,2
2026-04-08,600519,14:39:25,1464.9200,4,2
2026-04-08,600519,14:39:31,1464.9301,3,1
2026-04-08,600519,14:39:34,1464.9200,4,2
2026-04-08,600519,14:39:37,1464.9399,3,1
2026-04-08,600519,14:39:40,1464.9399,2,1
2026-04-08,600519,14:39:43,1464.9399,5,1
2026-04-08,600519,14:39:46,1464.8300,2,2
2026-04-08,600519,14:39:49,1464.9200,5,1
2026-04-08,600519,14:39:52,1464.8101,7,2
2026-04-08,600519,14:39:55,1464.9200,5,1
2026-04-08,600519,14:40:01,1464.6100,10,2
2026-04-08,600519,14:40:04,1464.8400,2,1
2026-04-08,600519,14:40:07,1464.6100,16,2
2026-04-08,600519,14:40:10,1464.9100,3,1
2026-04-08,600519,14:40:13,1464.9100,7,2
2026-04-08,600519,14:40:16,1464.9100,10,2
2026-04-08,600519,14:40:19,1464.9100,9,2
2026-04-08,600519,14:40:22,1464.9200,1,1
2026-04-08,600519,14:40:25,1464.9100,2,2
2026-04-08,600519,14:40:28,1464.9100,1,1
2026-04-08,600519,14:40:31,1464.7500,1,2
2026-04-08,600519,14:40:43,1464.9100,1,1
2026-04-08,600519,14:40:46,1464.7500,3,2
2026-04-08,600519,14:40:52,1464.7500,3,2
2026-04-08,600519,14:40:55,1464.7600,1,2
2026-04-08,600519,14:40:58,1464.7600,7,2
2026-04-08,600519,14:41:01,1464.9200,5,1
2026-04-08,600519,14:41:04,1464.9200,9,2
2026-04-08,600519,14:41:07,1464.9399,8,1
2026-04-08,600519,14:41:10,1464.9399,3,1
2026-04-08,600519,14:41:13,1464.9900,95,1
2026-04-08,600519,14:41:16,1465.0000,82,1
2026-04-08,600519,14:41:19,1465.0000,6,1
2026-04-08,600519,14:41:22,1465.0000,17,1
2026-04-08,600519,14:41:25,1465.0000,1,1
2026-04-08,600519,14:41:28,1465.0000,3,1
2026-04-08,600519,14:41:31,1465.0000,3,1
2026-04-08,600519,14:41:34,1465.0000,9,1
2026-04-08,600519,14:41:40,1464.9000,22,2
2026-04-08,600519,14:41:43,1464.9800,3,1
2026-04-08,600519,14:41:46,1464.8800,33,2
2026-04-08,600519,14:41:49,1464.9000,5,2
2026-04-08,600519,14:41:52,1464.9900,1,1
2026-04-08,600519,14:41:55,1464.9800,1,1
2026-04-08,600519,14:41:58,1464.9900,1,1
2026-04-08,600519,14:42:01,1465.0000,8,1
2026-04-08,600519,14:42:04,1465.0000,8,1
2026-04-08,600519,14:42:07,1465.0000,7,1
2026-04-08,600519,14:42:10,1465.0000,2,1
2026-04-08,600519,14:42:13,1465.0000,11,1
2026-04-08,600519,14:42:16,1465.0000,20,1
2026-04-08,600519,14:42:19,1465.0100,4,1
2026-04-08,600519,14:42:22,1465.1000,3,1
2026-04-08,600519,14:42:25,1465.0200,2,2
2026-04-08,600519,14:42:28,1465.0300,6,2
2026-04-08,600519,14:42:31,1465.0200,1,1
2026-04-08,600519,14:42:34,1465.0200,1,1
2026-04-08,600519,14:42:37,1465.0100,3,2
2026-04-08,600519,14:42:40,1465.0200,1,1
2026-04-08,600519,14:42:43,1465.0100,7,2
2026-04-08,600519,14:42:49,1465.0100,3,1
2026-04-08,600519,14:42:58,1465.0100,15,1
2026-04-08,600519,14:43:01,1465.1500,9,1
2026-04-08,600519,14:43:04,1465.1500,3,1
2026-04-08,600519,14:43:07,1465.1600,5,1
2026-04-08,600519,14:43:10,1465.1600,1,1
2026-04-08,600519,14:43:13,1465.1600,7,1
2026-04-08,600519,14:43:16,1465.2000,5,1
2026-04-08,600519,14:43:19,1465.2600,7,1
2026-04-08,600519,14:43:22,1465.3300,5,1
2026-04-08,600519,14:43:25,1465.3199,4,2
2026-04-08,600519,14:43:28,1465.3900,7,4
2026-04-08,600519,14:43:31,1465.5000,15,1
2026-04-08,600519,14:43:34,1465.5200,1,1
2026-04-08,600519,14:43:37,1465.5300,3,1
2026-04-08,600519,14:43:40,1465.5699,7,1
2026-04-08,600519,14:43:43,1465.5500,7,2
2026-04-08,600519,14:43:46,1465.5400,4,2
2026-04-08,600519,14:43:49,1465.5300,17,2
2026-04-08,600519,14:43:52,1465.6300,4,1
2026-04-08,600519,14:43:55,1465.5300,15,2
2026-04-08,600519,14:43:58,1465.5300,3,1
2026-04-08,600519,14:44:01,1465.3900,11,2
2026-04-08,600519,14:44:04,1465.3300,20,2
2026-04-08,600519,14:44:07,1465.5300,9,1
2026-04-08,600519,14:44:10,1465.7000,10,1
2026-04-08,600519,14:44:13,1465.5800,6,2
2026-04-08,600519,14:44:16,1465.9000,35,1
2026-04-08,600519,14:44:19,1465.6500,3,2
2026-04-08,600519,14:44:22,1465.9100,7,1
2026-04-08,600519,14:44:25,1465.9100,1,2
2026-04-08,600519,14:44:28,1465.9399,4,1
2026-04-08,600519,14:44:31,1465.9100,11,2
2026-04-08,600519,14:44:34,1465.9399,2,2
2026-04-08,600519,14:44:37,1465.9600,3,1
2026-04-08,600519,14:44:40,1465.9600,1,1
2026-04-08,600519,14:44:43,1465.9800,4,1
2026-04-08,600519,14:44:46,1465.9900,2,1
2026-04-08,600519,14:44:49,1465.9900,4,1
2026-04-08,600519,14:44:52,1465.9900,2,2
2026-04-08,600519,14:44:55,1465.9900,62,2
2026-04-08,600519,14:44:58,1465.9800,6,2
2026-04-08,600519,14:45:01,1465.9399,15,2
2026-04-08,600519,14:45:04,1465.5300,14,2
2026-04-08,600519,14:45:07,1465.5300,7,2
2026-04-08,600519,14:45:10,1465.8700,4,1
2026-04-08,600519,14:45:13,1465.8000,10,1
2026-04-08,600519,14:45:16,1465.6100,4,1
2026-04-08,600519,14:45:19,1465.6100,6,2
2026-04-08,600519,14:45:22,1465.2100,5,2
2026-04-08,600519,14:45:25,1465.2000,2,2
2026-04-08,600519,14:45:28,1465.6200,78,1
2026-04-08,600519,14:45:31,1465.6300,4,2
2026-04-08,600519,14:45:34,1465.6200,17,2
2026-04-08,600519,14:45:37,1465.6200,14,1
2026-04-08,600519,14:45:40,1465.6200,5,2
2026-04-08,600519,14:45:43,1465.7400,78,1
2026-04-08,600519,14:45:46,1466.0000,5,1
2026-04-08,600519,14:45:49,1466.0000,5,1
2026-04-08,600519,14:45:55,1466.0000,11,1
2026-04-08,600519,14:45:58,1466.0000,51,1
2026-04-08,600519,14:46:01,1466.0000,5,1
2026-04-08,600519,14:46:04,1466.0000,19,2
2026-04-08,600519,14:46:07,1466.0300,7,1
2026-04-08,600519,14:46:10,1466.0300,9,2
2026-04-08,600519,14:46:13,1466.0000,10,2
2026-04-08,600519,14:46:16,1466.0200,5,4
2026-04-08,600519,14:46:19,1465.9800,8,2
2026-04-08,600519,14:46:22,1465.9399,1,2
2026-04-08,600519,14:46:25,1465.9900,9,1
2026-04-08,600519,14:46:28,1465.9100,7,2
2026-04-08,600519,14:46:31,1465.9399,5,1
2026-04-08,600519,14:46:34,1465.9000,13,2
2026-04-08,600519,14:46:37,1465.6200,1,2
2026-04-08,600519,14:46:40,1465.6200,1,2
2026-04-08,600519,14:46:43,1465.6200,2,2
2026-04-08,600519,14:46:46,1465.5699,10,2
2026-04-08,600519,14:46:49,1465.2000,3,2
2026-04-08,600519,14:46:52,1465.1600,1,2
2026-04-08,600519,14:46:55,1465.1300,7,2
2026-04-08,600519,14:46:58,1465.1500,12,2
2026-04-08,600519,14:47:01,1465.1300,3,2
2026-04-08,600519,14:47:04,1465.1500,6,1
2026-04-08,600519,14:47:07,1465.0000,13,2
2026-04-08,600519,14:47:10,1464.6200,11,2
2026-04-08,600519,14:47:13,1465.1300,1,1
2026-04-08,600519,14:47:16,1464.9500,8,2
2026-04-08,600519,14:47:19,1465.0000,3,1
2026-04-08,600519,14:47:22,1465.0000,7,1
2026-04-08,600519,14:47:25,1464.8400,3,4
2026-04-08,600519,14:47:28,1464.8400,4,2
2026-04-08,600519,14:47:31,1464.8400,5,2
2026-04-08,600519,14:47:37,1464.8500,5,2
2026-04-08,600519,14:47:40,1464.6200,3,2
2026-04-08,600519,14:47:43,1464.6200,8,2
2026-04-08,600519,14:47:52,1464.6100,10,2
2026-04-08,600519,14:47:55,1464.6100,9,1
2026-04-08,600519,14:47:58,1464.6700,19,1
2026-04-08,600519,14:48:01,1464.6801,1,2
2026-04-08,600519,14:48:04,1464.7700,13,2
2026-04-08,600519,14:48:07,1464.7700,2,2
2026-04-08,600519,14:48:10,1464.6000,4,2
2026-04-08,600519,14:48:13,1464.5000,19,2
2026-04-08,600519,14:48:16,1464.5400,6,1
2026-04-08,600519,14:48:19,1464.0699,2,2
2026-04-08,600519,14:48:22,1464.0699,2,2
2026-04-08,600519,14:48:25,1464.0300,4,2
2026-04-08,600519,14:48:28,1464.1700,15,1
2026-04-08,600519,14:48:34,1464.0699,13,1
2026-04-08,600519,14:48:37,1464.0601,4,2
2026-04-08,600519,14:48:40,1464.3000,2,1
2026-04-08,600519,14:48:43,1464.3500,5,1
2026-04-08,600519,14:48:46,1464.0200,3,2
2026-04-08,600519,14:48:49,1464.0100,4,2
2026-04-08,600519,14:48:55,1464.1500,7,1
2026-04-08,600519,14:48:58,1464.1700,7,1
2026-04-08,600519,14:49:01,1464.2200,3,1
2026-04-08,600519,14:49:04,1464.4000,4,1
2026-04-08,600519,14:49:07,1464.3101,7,2
2026-04-08,600519,14:49:10,1464.4900,5,1
2026-04-08,600519,14:49:13,1464.4900,5,2
2026-04-08,600519,14:49:16,1464.4900,4,2
2026-04-08,600519,14:49:19,1464.4900,6,2
2026-04-08,600519,14:49:22,1464.7700,7,1
2026-04-08,600519,14:49:25,1464.4900,2,2
2026-04-08,600519,14:49:28,1464.4900,1,2
2026-04-08,600519,14:49:31,1464.7500,18,1
2026-04-08,600519,14:49:34,1464.7500,11,1
2026-04-08,600519,14:49:37,1464.6801,2,2
2026-04-08,600519,14:49:40,1464.6801,5,2
2026-04-08,600519,14:49:43,1464.1801,6,2
2026-04-08,600519,14:49:46,1464.6899,2,1
2026-04-08,600519,14:49:49,1464.6899,1,1
2026-04-08,600519,14:49:52,1464.4800,11,1
2026-04-08,600519,14:49:55,1464.1100,10,2
2026-04-08,600519,14:49:58,1464.1100,8,1
2026-04-08,600519,14:50:01,1464.0000,30,2
2026-04-08,600519,14:50:04,1463.9200,8,2
2026-04-08,600519,14:50:07,1463.0000,10,2
2026-04-08,600519,14:50:10,1463.9200,10,1
2026-04-08,600519,14:50:13,1464.0000,5,1
2026-04-08,600519,14:50:16,1464.0000,7,1
2026-04-08,600519,14:50:19,1464.1000,20,1
2026-04-08,600519,14:50:22,1464.1700,7,1
2026-04-08,600519,14:50:25,1463.1100,8,2
2026-04-08,600519,14:50:28,1463.9900,9,1
2026-04-08,600519,14:50:31,1464.1801,15,1
2026-04-08,600519,14:50:34,1464.1801,9,1
2026-04-08,600519,14:50:37,1464.0000,1,1
2026-04-08,600519,14:50:40,1464.0000,2,2
2026-04-08,600519,14:50:43,1464.1801,8,1
2026-04-08,600519,14:50:46,1464.1801,9,1
2026-04-08,600519,14:50:49,1464.1801,2,2
2026-04-08,600519,14:50:52,1464.2700,5,1
2026-04-08,600519,14:50:55,1464.2800,4,1
2026-04-08,600519,14:50:58,1464.4900,3,1
2026-04-08,600519,14:51:01,1464.3800,12,2
2026-04-08,600519,14:51:04,1464.6801,119,1
2026-04-08,600519,14:51:07,1464.6400,6,2
2026-04-08,600519,14:51:10,1464.6500,4,1
2026-04-08,600519,14:51:13,1464.6500,4,2
2026-04-08,600519,14:51:16,1464.6500,5,2
2026-04-08,600519,14:51:19,1464.6000,9,2
2026-04-08,600519,14:51:22,1464.6000,16,1
2026-04-08,600519,14:51:25,1465.0200,4,1
2026-04-08,600519,14:51:28,1464.5500,1,2
2026-04-08,600519,14:51:31,1465.0000,7,1
2026-04-08,600519,14:51:34,1464.9900,2,1
2026-04-08,600519,14:51:37,1465.0000,4,1
2026-04-08,600519,14:51:43,1464.9900,7,2
2026-04-08,600519,14:51:46,1465.0000,9,1
2026-04-08,600519,14:51:49,1465.0000,2,1
2026-04-08,600519,14:51:52,1464.6500,8,2
2026-04-08,600519,14:51:55,1464.7900,11,1
2026-04-08,600519,14:51:58,1464.7700,3,2
2026-04-08,600519,14:52:01,1464.8000,7,1
2026-04-08,600519,14:52:04,1464.8000,7,2
2026-04-08,600519,14:52:07,1465.0000,17,1
2026-04-08,600519,14:52:10,1465.0000,7,1
2026-04-08,600519,14:52:13,1464.8000,6,2
2026-04-08,600519,14:52:16,1465.0000,2,1
2026-04-08,600519,14:52:19,1464.6801,13,2
2026-04-08,600519,14:52:22,1464.8000,5,1
2026-04-08,600519,14:52:25,1464.7400,5,2
2026-04-08,600519,14:52:28,1464.8000,7,1
2026-04-08,600519,14:52:31,1464.7500,10,2
2026-04-08,600519,14:52:34,1464.7500,10,2
2026-04-08,600519,14:52:37,1464.7600,18,2
2026-04-08,600519,14:52:40,1464.7600,5,2
2026-04-08,600519,14:52:43,1464.9800,1,1
2026-04-08,600519,14:52:46,1464.9800,20,1
2026-04-08,600519,14:52:49,1464.9800,5,2
2026-04-08,600519,14:52:52,1464.8300,8,2
2026-04-08,600519,14:52:55,1464.9800,6,1
2026-04-08,600519,14:52:58,1465.0000,13,1
2026-04-08,600519,14:53:01,1464.7600,5,2
2026-04-08,600519,14:53:04,1464.7500,9,2
2026-04-08,600519,14:53:07,1464.6600,21,2
2026-04-08,600519,14:53:10,1464.5100,6,2
2026-04-08,600519,14:53:13,1464.5000,17,2
2026-04-08,600519,14:53:16,1464.0000,5,2
2026-04-08,600519,14:53:19,1464.4800,7,1
2026-04-08,600519,14:53:22,1464.0900,6,2
2026-04-08,600519,14:53:25,1464.3000,4,1
2026-04-08,600519,14:53:28,1464.5000,5,2
2026-04-08,600519,14:53:31,1464.7200,7,1
2026-04-08,600519,14:53:34,1464.7300,15,1
2026-04-08,600519,14:53:37,1464.7300,7,2
2026-04-08,600519,14:53:40,1464.5300,8,2
2026-04-08,600519,14:53:43,1464.5000,9,2
2026-04-08,600519,14:53:46,1464.7500,9,1
2026-04-08,600519,14:53:49,1464.5000,8,1
2026-04-08,600519,14:53:52,1464.9600,11,1
2026-04-08,600519,14:53:55,1464.5900,5,2
2026-04-08,600519,14:53:58,1464.9700,11,1
2026-04-08,600519,14:54:01,1464.9600,36,2
2026-04-08,600519,14:54:04,1464.9600,3,2
2026-04-08,600519,14:54:07,1464.9700,5,4
2026-04-08,600519,14:54:10,1464.9700,3,1
2026-04-08,600519,14:54:13,1465.0200,19,1
2026-04-08,600519,14:54:16,1465.0000,4,2
2026-04-08,600519,14:54:19,1465.0000,10,1
2026-04-08,600519,14:54:22,1465.0000,2,1
2026-04-08,600519,14:54:25,1464.9800,7,2
2026-04-08,600519,14:54:28,1465.0000,10,1
2026-04-08,600519,14:54:31,1465.0000,20,1
2026-04-08,600519,14:54:34,1464.7100,2,2
2026-04-08,600519,14:54:37,1464.7100,2,2
2026-04-08,600519,14:54:40,1464.5200,8,2
2026-04-08,600519,14:54:43,1464.7900,4,1
2026-04-08,600519,14:54:46,1464.5100,5,2
2026-04-08,600519,14:54:49,1464.7800,1,1
2026-04-08,600519,14:54:52,1464.6000,1,2
2026-04-08,600519,14:54:55,1464.5300,6,2
2026-04-08,600519,14:54:58,1464.5601,13,1
2026-04-08,600519,14:55:01,1464.5699,8,2
2026-04-08,600519,14:55:04,1464.5400,9,2
2026-04-08,600519,14:55:07,1464.5300,18,2
2026-04-08,600519,14:55:10,1464.5000,7,2
2026-04-08,600519,14:55:13,1464.5000,15,2
2026-04-08,600519,14:55:16,1464.5100,23,4
2026-04-08,600519,14:55:19,1464.5200,6,1
2026-04-08,600519,14:55:22,1464.2800,7,1
2026-04-08,600519,14:55:25,1464.2800,8,2
2026-04-08,600519,14:55:28,1464.0300,8,2
2026-04-08,600519,14:55:31,1464.5300,10,1
2026-04-08,600519,14:55:34,1464.0500,4,2
2026-04-08,600519,14:55:37,1464.7500,12,1
2026-04-08,600519,14:55:40,1464.7500,1,1
2026-04-08,600519,14:55:43,1464.1000,6,2
2026-04-08,600519,14:55:46,1464.7500,3,1
2026-04-08,600519,14:55:49,1464.5000,3,1
2026-04-08,600519,14:55:52,1464.1100,3,2
2026-04-08,600519,14:55:55,1464.5000,1,1
2026-04-08,600519,14:55:58,1464.7500,6,1
2026-04-08,600519,14:56:01,1464.7600,2,1
2026-04-08,600519,14:56:04,1464.7700,10,1
2026-04-08,600519,14:56:07,1464.7600,10,2
2026-04-08,600519,14:56:10,1464.7800,4,1
2026-04-08,600519,14:56:13,1464.7200,7,2
2026-04-08,600519,14:56:16,1464.7200,4,2
2026-04-08,600519,14:56:19,1464.8500,9,1
2026-04-08,600519,14:56:22,1464.8300,8,1
2026-04-08,600519,14:56:25,1464.5300,6,2
2026-04-08,600519,14:56:28,1464.8199,2,1
2026-04-08,600519,14:56:31,1464.5300,3,2
2026-04-08,600519,14:56:34,1464.9900,15,1
2026-04-08,600519,14:56:37,1464.1300,6,2
2026-04-08,600519,14:56:40,1464.1500,9,2
2026-04-08,600519,14:56:43,1464.5200,7,1
2026-04-08,600519,14:56:46,1464.1500,4,2
2026-04-08,600519,14:56:49,1464.1600,2,2
2026-04-08,600519,14:56:52,1464.1500,2,2
2026-04-08,600519,14:56:55,1464.1400,3,2
2026-04-08,600519,14:56:58,1464.8199,3,1
2026-04-08,600519,15:00:03,1465.0200,569,4
2026-04-08,600519,13:02:25,1455.9700,3,2
2026-04-08,600519,13:02:28,1455.9900,2,2
2026-04-08,600519,13:02:31,1455.8800,3,2
2026-04-08,600519,13:02:34,1455.8700,5,2
2026-04-08,600519,13:02:37,1455.8500,17,2
2026-04-08,600519,13:02:40,1455.8600,2,2
2026-04-08,600519,13:02:43,1455.8500,1,2
2026-04-08,600519,13:02:46,1455.8500,1,2
2026-04-08,600519,13:02:49,1455.8500,1,2
2026-04-08,600519,13:02:52,1455.8500,4,2
2026-04-08,600519,13:02:55,1455.9500,2,1
2026-04-08,600519,13:02:58,1455.8600,3,2
2026-04-08,600519,13:03:01,1455.8500,18,2
2026-04-08,600519,13:03:04,1455.8500,6,2
2026-04-08,600519,13:03:07,1455.8500,12,2
2026-04-08,600519,13:03:10,1455.8500,9,2
2026-04-08,600519,13:03:13,1455.8500,18,2
2026-04-08,600519,13:03:16,1455.8000,8,2
2026-04-08,600519,13:03:19,1455.7500,8,2
2026-04-08,600519,13:03:22,1455.8400,10,1
2026-04-08,600519,13:03:25,1455.2500,2,2
2026-04-08,600519,13:03:28,1455.2300,2,2
2026-04-08,600519,13:03:34,1455.2300,3,2
2026-04-08,600519,13:03:37,1455.2300,8,1
2026-04-08,600519,13:03:40,1455.2400,2,2
2026-04-08,600519,13:03:43,1455.3000,4,2
2026-04-08,600519,13:03:46,1455.2600,1,2
2026-04-08,600519,13:03:49,1455.3000,2,2
2026-04-08,600519,13:03:52,1455.3101,1,2
2026-04-08,600519,13:03:55,1455.2800,1,1
2026-04-08,600519,13:03:58,1455.2700,1,2
2026-04-08,600519,13:04:01,1455.3101,4,1
2026-04-08,600519,13:04:04,1455.3101,3,1
2026-04-08,600519,13:04:07,1455.2600,7,2
2026-04-08,600519,13:04:10,1455.2400,2,2
2026-04-08,600519,13:04:13,1455.2600,4,2
2026-04-08,600519,13:04:16,1455.2400,1,2
2026-04-08,600519,13:04:19,1455.2800,15,1
2026-04-08,600519,13:04:22,1455.2000,4,2
2026-04-08,600519,13:04:25,1455.2500,1,2
2026-04-08,600519,13:04:28,1455.2400,5,2
2026-04-08,600519,13:04:34,1455.1899,4,2
2026-04-08,600519,13:04:37,1455.1700,7,2
2026-04-08,600519,13:04:40,1455.1700,9,2
2026-04-08,600519,13:04:43,1455.1700,17,2
2026-04-08,600519,13:04:46,1455.1801,6,2
2026-04-08,600519,13:04:49,1455.2300,5,1
2026-04-08,600519,13:04:52,1455.2300,7,1
2026-04-08,600519,13:04:55,1455.1700,3,2
2026-04-08,600519,13:04:58,1455.1801,6,1
2026-04-08,600519,13:05:01,1455.2000,6,2
2026-04-08,600519,13:05:04,1455.1801,6,2
2026-04-08,600519,13:05:07,1455.2300,1,1
2026-04-08,600519,13:05:10,1455.2300,7,2
2026-04-08,600519,13:05:16,1455.2500,13,1
2026-04-08,600519,13:05:19,1455.2900,15,1
2026-04-08,600519,13:05:22,1455.7200,2,1
2026-04-08,600519,13:05:25,1455.2800,7,2
2026-04-08,600519,13:05:28,1455.7100,1,1
2026-04-08,600519,13:05:31,1455.3000,6,2
2026-04-08,600519,13:05:34,1455.7100,2,1
2026-04-08,600519,13:05:37,1455.6600,1,1
2026-04-08,600519,13:05:40,1455.7100,4,1
2026-04-08,600519,13:05:43,1455.7200,5,1
2026-04-08,600519,13:05:46,1455.6899,2,1
2026-04-08,600519,13:05:49,1455.7000,4,1
2026-04-08,600519,13:05:52,1455.7000,1,1
2026-04-08,600519,13:05:55,1455.7200,3,1
2026-04-08,600519,13:05:58,1455.7000,4,2
2026-04-08,600519,13:06:01,1455.3700,9,2
2026-04-08,600519,13:06:04,1455.7200,1,1
2026-04-08,600519,13:06:10,1455.7300,4,1
2026-04-08,600519,13:06:16,1455.7300,3,2
2026-04-08,600519,13:06:19,1455.7300,4,2
2026-04-08,600519,13:06:22,1455.7200,1,1
2026-04-08,600519,13:06:25,1455.7000,4,2
2026-04-08,600519,13:06:28,1455.5200,11,2
2026-04-08,600519,13:06:31,1455.5200,1,2
2026-04-08,600519,13:06:34,1455.3900,3,2
2026-04-08,600519,13:06:37,1455.7300,2,1
2026-04-08,600519,13:06:40,1455.5500,8,2
2026-04-08,600519,13:06:43,1455.5500,2,1
2026-04-08,600519,13:06:46,1455.5500,5,1
2026-04-08,600519,13:06:49,1455.4000,1,2
2026-04-08,600519,13:06:52,1455.3900,4,2
2026-04-08,600519,13:06:55,1455.3900,2,1
2026-04-08,600519,13:06:58,1455.3101,8,2
2026-04-08,600519,13:07:01,1455.3800,1,1
2026-04-08,600519,13:07:04,1455.3600,14,2
2026-04-08,600519,13:07:07,1455.3900,5,1
2026-04-08,600519,13:07:10,1455.3101,4,2
2026-04-08,600519,13:07:13,1455.3199,2,2
2026-04-08,600519,13:07:16,1455.3101,3,2
2026-04-08,600519,13:07:19,1455.3600,3,1
2026-04-08,600519,13:07:22,1455.3199,2,2
2026-04-08,600519,13:07:25,1455.3199,1,2
2026-04-08,600519,13:07:28,1455.3199,1,1
2026-04-08,600519,13:07:31,1455.3600,2,1
2026-04-08,600519,13:07:34,1455.3600,2,1
2026-04-08,600519,13:07:37,1455.3700,3,1
2026-04-08,600519,13:07:46,1455.6899,10,1
2026-04-08,600519,13:07:49,1455.4000,1,2
2026-04-08,600519,13:07:52,1455.6899,2,1
2026-04-08,600519,13:07:55,1455.3199,28,2
2026-04-08,600519,13:07:58,1455.3000,12,2
2026-04-08,600519,13:08:01,1455.2400,11,2
2026-04-08,600519,13:08:04,1455.3000,6,2
2026-04-08,600519,13:08:07,1455.3000,2,1
2026-04-08,600519,13:08:10,1455.2400,3,2
2026-04-08,600519,13:08:13,1455.4399,1,1
2026-04-08,600519,13:08:19,1455.3101,1,2
2026-04-08,600519,13:08:22,1455.4301,1,1
2026-04-08,600519,13:08:25,1455.3300,8,2
2026-04-08,600519,13:08:28,1455.3000,1,2
2026-04-08,600519,13:08:31,1455.4301,4,1
2026-04-08,600519,13:08:34,1455.2900,4,2
2026-04-08,600519,13:08:37,1455.2900,3,2
2026-04-08,600519,13:08:40,1455.2900,7,2
2026-04-08,600519,13:08:49,1455.4000,15,1
2026-04-08,600519,13:08:52,1455.4000,3,1
2026-04-08,600519,13:08:55,1455.3900,3,1
2026-04-08,600519,13:09:01,1455.3900,3,1
2026-04-08,600519,13:09:04,1455.4100,8,1
2026-04-08,600519,13:09:10,1455.4000,2,1
2026-04-08,600519,13:09:13,1455.4000,2,1
2026-04-08,600519,13:09:16,1455.3900,9,2
2026-04-08,600519,13:09:19,1455.3900,3,2
2026-04-08,600519,13:09:28,1455.3000,11,2
2026-04-08,600519,13:09:31,1455.2600,3,2
2026-04-08,600519,13:09:37,1455.2600,1,2
2026-04-08,600519,13:09:40,1455.2600,1,1
2026-04-08,600519,13:09:43,1455.2500,2,2
2026-04-08,600519,13:09:46,1455.2500,4,2
2026-04-08,600519,13:09:49,1455.2900,10,1
2026-04-08,600519,13:09:52,1455.3101,5,1
2026-04-08,600519,13:09:55,1455.3800,1,1
2026-04-08,600519,13:09:58,1455.3000,3,2
2026-04-08,600519,13:10:01,1455.2900,2,2
2026-04-08,600519,13:10:04,1455.3000,2,1
2026-04-08,600519,13:10:07,1455.3101,13,2
2026-04-08,600519,13:10:10,1455.3199,3,2
2026-04-08,600519,13:10:13,1455.3101,2,2
2026-04-08,600519,13:10:16,1455.3199,2,2
2026-04-08,600519,13:10:19,1455.3000,2,2
2026-04-08,600519,13:10:22,1455.2900,2,2
2026-04-08,600519,13:10:25,1455.2600,10,2
2026-04-08,600519,13:10:28,1455.1700,35,2
2026-04-08,600519,13:10:31,1455.1600,43,2
2026-04-08,600519,13:10:34,1455.1400,27,2
2026-04-08,600519,13:10:37,1455.0300,12,2
2026-04-08,600519,13:10:40,1455.0100,26,2
2026-04-08,600519,13:10:43,1455.0100,2,1
2026-04-08,600519,13:10:46,1455.0000,14,2
2026-04-08,600519,13:10:49,1455.0000,12,2
2026-04-08,600519,13:10:55,1455.0300,2,2
2026-04-08,600519,13:10:58,1455.0100,7,2
2026-04-08,600519,13:11:01,1455.1600,5,1
2026-04-08,600519,13:11:07,1455.0400,3,2
2026-04-08,600519,13:11:10,1455.0400,4,2
2026-04-08,600519,13:11:13,1455.0601,1,2
2026-04-08,600519,13:11:16,1455.1700,9,1
2026-04-08,600519,13:11:19,1455.0500,8,2
2026-04-08,600519,13:11:25,1455.0400,11,2
2026-04-08,600519,13:11:28,1455.1600,5,2
2026-04-08,600519,13:11:31,1455.1700,1,1
2026-04-08,600519,13:11:34,1455.1600,6,2
2026-04-08,600519,13:11:37,1455.1400,4,2
2026-04-08,600519,13:11:40,1455.1400,5,2
2026-04-08,600519,13:11:46,1455.1400,4,1
2026-04-08,600519,13:11:49,1455.1300,2,1
2026-04-08,600519,13:11:52,1455.0900,4,2
2026-04-08,600519,13:11:55,1455.0900,2,1
2026-04-08,600519,13:11:58,1455.0699,6,2
2026-04-08,600519,13:12:04,1455.0500,3,2
2026-04-08,600519,13:12:07,1455.0800,1,1
2026-04-08,600519,13:12:10,1455.0601,12,2
2026-04-08,600519,13:12:13,1455.0500,5,1
2026-04-08,600519,13:12:16,1455.0500,4,1
2026-04-08,600519,13:12:19,1455.0400,4,2
2026-04-08,600519,13:12:22,1455.0500,5,1
2026-04-08,600519,13:12:25,1455.0200,12,2
2026-04-08,600519,13:12:31,1455.0100,3,2
2026-04-08,600519,13:12:34,1455.0400,4,1
2026-04-08,600519,13:12:37,1455.0100,5,2
2026-04-08,600519,13:12:40,1455.0400,18,1
2026-04-08,600519,13:12:43,1455.0100,9,2
2026-04-08,600519,13:12:46,1455.0100,5,1
2026-04-08,600519,13:12:49,1455.0100,3,1
2026-04-08,600519,13:12:52,1455.0100,3,1
2026-04-08,600519,13:12:55,1455.0100,4,2
2026-04-08,600519,13:12:58,1455.0200,3,2
2026-04-08,600519,13:13:01,1455.0300,2,2
2026-04-08,600519,13:13:04,1455.0400,1,1
2026-04-08,600519,13:13:07,1455.0200,20,2
2026-04-08,600519,13:13:10,1455.0500,4,1
2026-04-08,600519,13:13:16,1455.0100,7,2
2026-04-08,600519,13:13:19,1455.0400,7,1
2026-04-08,600519,13:13:22,1455.0100,2,2
2026-04-08,600519,13:13:25,1455.0500,1,1
2026-04-08,600519,13:13:28,1455.0000,3,2
2026-04-08,600519,13:13:31,1455.0500,2,1
2026-04-08,600519,13:13:34,1455.0500,5,1
2026-04-08,600519,13:13:37,1455.0400,5,1
2026-04-08,600519,13:13:40,1455.0200,5,2
2026-04-08,600519,13:13:43,1455.0200,3,2
2026-04-08,600519,13:13:46,1455.0100,3,2
2026-04-08,600519,13:13:49,1455.0300,5,1
2026-04-08,600519,13:13:52,1455.0300,3,1
2026-04-08,600519,13:13:55,1455.0400,10,1
2026-04-08,600519,13:13:58,1455.0000,9,2
2026-04-08,600519,13:14:01,1455.0000,5,2
2026-04-08,600519,13:14:04,1455.0000,1,2
2026-04-08,600519,13:14:07,1455.0000,1,2
2026-04-08,600519,13:14:10,1455.0100,3,2
2026-04-08,600519,13:14:13,1455.0200,4,1
2026-04-08,600519,13:14:16,1455.0200,1,1
2026-04-08,600519,13:14:19,1455.0100,3,2
2026-04-08,600519,13:14:22,1455.0200,4,1
2026-04-08,600519,13:14:25,1455.0300,13,1
2026-04-08,600519,13:14:28,1455.1300,12,1
2026-04-08,600519,13:14:31,1455.1300,5,2
2026-04-08,600519,13:14:34,1455.1300,5,2
2026-04-08,600519,13:14:37,1455.0699,6,2
2026-04-08,600519,13:14:40,1455.2700,8,1
2026-04-08,600519,13:14:43,1455.2400,4,2
2026-04-08,600519,13:14:46,1455.3000,5,1
2026-04-08,600519,13:14:49,1455.7000,1,1
2026-04-08,600519,13:14:52,1456.0000,10,1
2026-04-08,600519,13:14:55,1455.3199,1,2
2026-04-08,600519,13:14:58,1456.0000,6,1
2026-04-08,600519,13:15:01,1456.0000,3,1
2026-04-08,600519,13:15:04,1456.0100,5,1
2026-04-08,600519,13:15:16,1455.7000,6,2
2026-04-08,600519,13:15:19,1456.0200,15,2
2026-04-08,600519,13:15:25,1456.3199,8,1
2026-04-08,600519,13:15:28,1456.5000,3,1
2026-04-08,600519,13:15:34,1456.4100,3,2
2026-04-08,600519,13:15:37,1456.6801,4,2
2026-04-08,600519,13:15:40,1456.6801,4,2
2026-04-08,600519,13:15:43,1456.6400,1,1
2026-04-08,600519,13:15:46,1457.6400,5,1
2026-04-08,600519,13:15:49,1457.6300,4,1
2026-04-08,600519,13:15:52,1456.5100,6,2
2026-04-08,600519,13:15:55,1457.6200,5,1
2026-04-08,600519,13:15:58,1456.6400,5,2
2026-04-08,600519,13:16:01,1457.6300,8,1
2026-04-08,600519,13:16:04,1457.6300,3,1
2026-04-08,600519,13:16:07,1457.8000,6,1
2026-04-08,600519,13:16:10,1456.9301,2,2
2026-04-08,600519,13:16:13,1456.9600,1,2
2026-04-08,600519,13:16:16,1456.9600,3,2
2026-04-08,600519,13:16:19,1456.9600,9,1
2026-04-08,600519,13:16:22,1456.9600,1,1
2026-04-08,600519,13:16:25,1456.9600,4,1
2026-04-08,600519,13:16:28,1456.9600,1,2
2026-04-08,600519,13:16:31,1456.9700,3,2
2026-04-08,600519,13:16:34,1457.8101,2,1
2026-04-08,600519,13:16:37,1457.8000,4,1
2026-04-08,600519,13:16:40,1457.9800,4,1
2026-04-08,600519,13:16:43,1457.8000,6,2
2026-04-08,600519,13:16:46,1457.9700,9,1
2026-04-08,600519,13:16:49,1458.0000,5,1
2026-04-08,600519,13:16:52,1457.8900,7,2
2026-04-08,600519,13:16:55,1458.0000,3,1
2026-04-08,600519,13:16:58,1457.9800,3,2
2026-04-08,600519,13:17:01,1458.0000,2,1
2026-04-08,600519,13:17:04,1458.0000,1,2
2026-04-08,600519,13:17:07,1458.0500,8,1
2026-04-08,600519,13:17:10,1458.7800,1,1
2026-04-08,600519,13:17:13,1458.7800,6,1
2026-04-08,600519,13:17:16,1458.0000,1,2
2026-04-08,600519,13:17:19,1458.0000,2,2
2026-04-08,600519,13:17:22,1458.0500,1,1
2026-04-08,600519,13:17:28,1458.7800,3,1
2026-04-08,600519,13:17:34,1458.1000,4,2
2026-04-08,600519,13:17:37,1458.7800,2,1
2026-04-08,600519,13:17:40,1458.0800,2,1
2026-04-08,600519,13:17:43,1458.0800,1,2
2026-04-08,600519,13:17:46,1458.0800,2,2
2026-04-08,600519,13:17:49,1458.7900,2,1
2026-04-08,600519,13:17:52,1458.0800,7,2
2026-04-08,600519,13:17:55,1458.0800,14,2
2026-04-08,600519,13:17:58,1458.0800,5,1
2026-04-08,600519,13:18:01,1458.0800,8,1
2026-04-08,600519,13:18:04,1458.0800,4,2
2026-04-08,600519,13:18:07,1458.0800,2,2
2026-04-08,600519,13:18:10,1458.3600,2,2
2026-04-08,600519,13:18:13,1458.0800,1,2
2026-04-08,600519,13:18:16,1458.6300,1,1
2026-04-08,600519,13:18:19,1458.8000,1,1
2026-04-08,600519,13:18:22,1458.8500,1,1
2026-04-08,600519,13:18:25,1458.8500,6,1
2026-04-08,600519,13:18:28,1458.8600,4,1
2026-04-08,600519,13:18:31,1458.8600,3,1
2026-04-08,600519,13:18:34,1458.0500,4,2
2026-04-08,600519,13:18:37,1458.4800,1,1
2026-04-08,600519,13:18:40,1458.0800,1,2
2026-04-08,600519,13:18:43,1458.4800,1,1
2026-04-08,600519,13:18:46,1458.0800,1,2
2026-04-08,600519,13:18:49,1458.4800,2,2
2026-04-08,600519,13:18:52,1458.4800,4,2
2026-04-08,600519,13:18:55,1458.0800,8,2
2026-04-08,600519,13:19:01,1458.5000,7,1
2026-04-08,600519,13:19:04,1458.5000,6,1
2026-04-08,600519,13:19:07,1458.5100,1,2
2026-04-08,600519,13:19:10,1458.5100,2,2
2026-04-08,600519,13:19:13,1458.5699,1,2
2026-04-08,600519,13:19:16,1458.5100,5,2
2026-04-08,600519,13:19:19,1458.5000,5,2
2026-04-08,600519,13:19:22,1458.4700,10,2
2026-04-08,600519,13:19:25,1458.0800,8,2
2026-04-08,600519,13:19:28,1458.0000,9,2
2026-04-08,600519,13:19:31,1458.0000,2,1
2026-04-08,600519,13:19:34,1457.9700,3,2
2026-04-08,600519,13:19:40,1458.2000,4,1
2026-04-08,600519,13:19:43,1458.5000,7,1
2026-04-08,600519,13:19:46,1458.5100,6,1
2026-04-08,600519,13:19:49,1457.9800,1,2
2026-04-08,600519,13:19:52,1457.9800,2,2
2026-04-08,600519,13:19:55,1458.2000,3,1
2026-04-08,600519,13:20:01,1458.0800,4,1
2026-04-08,600519,13:20:04,1458.0000,1,2
2026-04-08,600519,13:20:07,1458.0000,1,2
2026-04-08,600519,13:20:10,1458.0900,4,1
2026-04-08,600519,13:20:13,1458.0000,8,2
2026-04-08,600519,13:20:16,1457.9000,5,2
2026-04-08,600519,13:20:19,1457.8600,5,2
2026-04-08,600519,13:20:22,1458.0100,4,1
2026-04-08,600519,13:20:25,1458.0100,6,2
2026-04-08,600519,13:20:28,1458.2000,3,1
2026-04-08,600519,13:20:34,1458.5800,3,1
2026-04-08,600519,13:20:37,1458.0100,4,2
2026-04-08,600519,13:20:40,1458.9500,3,1
2026-04-08,600519,13:20:43,1458.4800,2,1
2026-04-08,600519,13:20:49,1458.9500,2,1
2026-04-08,600519,13:20:52,1458.5000,4,2
2026-04-08,600519,13:20:55,1458.5000,2,1
2026-04-08,600519,13:20:58,1458.9500,2,1
2026-04-08,600519,13:21:01,1458.5000,3,1
2026-04-08,600519,13:21:04,1458.0100,27,2
2026-04-08,600519,13:21:07,1458.5000,2,1
2026-04-08,600519,13:21:10,1457.8300,44,2
2026-04-08,600519,13:21:13,1457.8199,9,1
2026-04-08,600519,13:21:16,1457.3000,14,2
2026-04-08,600519,13:21:19,1457.5300,21,1
2026-04-08,600519,13:21:22,1457.5000,23,2
2026-04-08,600519,13:21:25,1457.0200,9,2
2026-04-08,600519,13:21:28,1456.9900,7,2
2026-04-08,600519,13:21:31,1456.8800,6,2
2026-04-08,600519,13:21:34,1456.7500,13,2
2026-04-08,600519,13:21:37,1456.1500,4,2
2026-04-08,600519,13:21:40,1456.0200,3,2
2026-04-08,600519,13:21:43,1456.0000,6,2
2026-04-08,600519,13:21:46,1455.9900,15,2
2026-04-08,600519,13:21:49,1455.9600,10,2
2026-04-08,600519,13:21:52,1458.1300,22,1
2026-04-08,600519,13:21:55,1458.0000,4,1
2026-04-08,600519,13:21:58,1456.5300,38,2
2026-04-08,600519,13:22:01,1458.0000,6,1
2026-04-08,600519,13:22:04,1458.0000,18,2
2026-04-08,600519,13:22:07,1458.8101,1,1
2026-04-08,600519,13:22:10,1458.4000,8,2
2026-04-08,600519,13:22:13,1458.6000,4,2
2026-04-08,600519,13:22:16,1458.4100,3,2
2026-04-08,600519,13:22:19,1458.4000,4,2
2026-04-08,600519,13:22:22,1458.3800,8,2
2026-04-08,600519,13:22:25,1458.3101,6,2
2026-04-08,600519,13:22:28,1459.0100,6,1
2026-04-08,600519,13:22:31,1459.0000,5,2
2026-04-08,600519,13:22:34,1458.2500,10,2
2026-04-08,600519,13:22:37,1458.2500,4,2
2026-04-08,600519,13:22:40,1458.2300,3,1
2026-04-08,600519,13:22:43,1458.2300,1,2
2026-04-08,600519,13:22:46,1458.6000,1,1
2026-04-08,600519,13:22:49,1458.2100,3,2
2026-04-08,600519,13:22:52,1458.2100,1,2
2026-04-08,600519,13:22:58,1458.7000,1,1
2026-04-08,600519,13:23:01,1458.7000,5,1
2026-04-08,600519,13:23:04,1458.7100,3,2
2026-04-08,600519,13:23:07,1458.7000,3,2
2026-04-08,600519,13:23:10,1458.6600,10,2
2026-04-08,600519,13:23:19,1458.6600,4,2
2026-04-08,600519,13:23:22,1458.6200,5,2
2026-04-08,600519,13:23:25,1458.6200,1,1
2026-04-08,600519,13:23:28,1458.5200,5,2
2026-04-08,600519,13:23:31,1458.6100,2,1
2026-04-08,600519,13:23:34,1458.5300,2,2
2026-04-08,600519,13:23:37,1458.5300,1,2
2026-04-08,600519,13:23:40,1458.5601,2,1
2026-04-08,600519,13:23:46,1458.5900,1,1
2026-04-08,600519,13:23:49,1458.5601,3,2
2026-04-08,600519,13:23:52,1458.5900,3,1
2026-04-08,600519,13:23:55,1458.5699,1,2
2026-04-08,600519,13:23:58,1458.6200,8,1
2026-04-08,600519,13:24:01,1458.7300,8,1
2026-04-08,600519,13:24:07,1458.8000,1,1
2026-04-08,600519,13:24:10,1458.9900,2,1
2026-04-08,600519,13:24:16,1458.9900,5,2
2026-04-08,600519,13:24:19,1459.0400,1,1
2026-04-08,600519,13:24:22,1459.0100,5,2
2026-04-08,600519,13:24:28,1459.1000,5,1
2026-04-08,600519,13:24:31,1459.2100,3,1
2026-04-08,600519,13:24:37,1459.3400,4,1
2026-04-08,600519,13:24:40,1459.4800,2,1
2026-04-08,600519,13:24:43,1459.8800,11,1
2026-04-08,600519,13:24:46,1459.9000,40,1
2026-04-08,600519,13:24:49,1460.0000,19,1
2026-04-08,600519,13:24:52,1459.0400,4,2
2026-04-08,600519,13:24:55,1459.5400,14,1
2026-04-08,600519,13:24:58,1461.3199,37,1
2026-04-08,600519,13:25:01,1460.0000,8,2
2026-04-08,600519,13:25:04,1460.1899,3,1
2026-04-08,600519,13:25:07,1460.0000,21,1
2026-04-08,600519,13:25:10,1460.0000,1,2
2026-04-08,600519,13:25:13,1459.4100,6,2
2026-04-08,600519,13:25:16,1460.0000,2,1
2026-04-08,600519,13:25:19,1459.8000,10,2
2026-04-08,600519,13:25:22,1459.8101,9,1
2026-04-08,600519,13:25:25,1461.2700,6,1
2026-04-08,600519,13:25:28,1461.3000,7,1
2026-04-08,600519,13:25:31,1460.0000,5,1
2026-04-08,600519,13:25:34,1460.0000,16,2
2026-04-08,600519,13:25:37,1460.0000,46,2
2026-04-08,600519,13:25:40,1460.0000,5,1
2026-04-08,600519,13:25:43,1461.2000,17,1
2026-04-08,600519,13:25:46,1460.0100,2,2
2026-04-08,600519,13:25:49,1460.0000,3,2
2026-04-08,600519,13:25:52,1459.3199,31,2
2026-04-08,600519,13:25:55,1459.2700,6,2
2026-04-08,600519,13:25:58,1459.2700,5,1
2026-04-08,600519,13:26:01,1459.3199,3,2
2026-04-08,600519,13:26:04,1459.3700,2,1
2026-04-08,600519,13:26:10,1459.4000,1,2
2026-04-08,600519,13:26:13,1459.4000,1,2
2026-04-08,600519,13:26:16,1459.3300,4,2
2026-04-08,600519,13:26:19,1459.3300,1,2
2026-04-08,600519,13:26:22,1459.4100,3,1
2026-04-08,600519,13:26:25,1459.3199,2,2
2026-04-08,600519,13:26:28,1459.4100,9,1
2026-04-08,600519,13:26:31,1459.4200,1,1
2026-04-08,600519,13:26:34,1459.4200,1,2
2026-04-08,600519,13:26:37,1459.3400,1,2
2026-04-08,600519,13:26:40,1459.3600,3,2
2026-04-08,600519,13:26:43,1459.3400,4,2
2026-04-08,600519,13:26:52,1459.3000,3,2
2026-04-08,600519,13:27:01,1459.3400,4,4
2026-04-08,600519,13:27:04,1459.3300,3,2
2026-04-08,600519,13:27:07,1459.2900,1,2
2026-04-08,600519,13:27:10,1459.2900,2,2
2026-04-08,600519,13:27:13,1459.3500,10,1
2026-04-08,600519,13:27:16,1459.3199,2,2
2026-04-08,600519,13:27:19,1459.6000,6,1
2026-04-08,600519,13:27:22,1460.0000,6,1
2026-04-08,600519,13:27:25,1460.5699,3,2
2026-04-08,600519,13:27:28,1459.4600,5,2
2026-04-08,600519,13:27:37,1459.4700,1,2
2026-04-08,600519,13:27:40,1460.0000,11,1
2026-04-08,600519,13:27:43,1460.0000,2,1
2026-04-08,600519,13:27:46,1460.1899,1,1
2026-04-08,600519,13:27:49,1459.8300,1,1
2026-04-08,600519,13:27:52,1459.9900,1,1
2026-04-08,600519,13:27:58,1460.0000,28,2
2026-04-08,600519,13:28:01,1460.1801,1,1
2026-04-08,600519,13:28:04,1460.0200,6,2
2026-04-08,600519,13:28:07,1460.1801,1,1
2026-04-08,600519,13:28:10,1460.4700,5,1
2026-04-08,600519,13:28:16,1461.0000,12,1
2026-04-08,600519,13:28:19,1461.2900,4,1
2026-04-08,600519,13:28:22,1461.4100,10,1
2026-04-08,600519,13:28:25,1461.5900,5,1
2026-04-08,600519,13:28:28,1461.8000,1,1
2026-04-08,600519,13:28:31,1462.0000,9,1
2026-04-08,600519,13:28:34,1461.9800,5,1
2026-04-08,600519,13:28:37,1461.9900,11,2
2026-04-08,600519,13:28:40,1461.9900,5,2
2026-04-08,600519,13:28:43,1461.9500,8,2
2026-04-08,600519,13:28:46,1461.9500,2,2
2026-04-08,600519,13:28:49,1461.9700,3,1
2026-04-08,600519,13:28:52,1461.9200,8,2
2026-04-08,600519,13:28:55,1461.9200,8,2
2026-04-08,600519,13:28:58,1461.9200,1,2
2026-04-08,600519,13:29:01,1461.9000,24,1
2026-04-08,600519,13:29:04,1460.6500,2,2
2026-04-08,600519,13:29:07,1461.4500,2,1
2026-04-08,600519,13:29:10,1460.6700,4,2
2026-04-08,600519,13:29:13,1460.6600,1,2
2026-04-08,600519,13:29:16,1461.4500,2,1
2026-04-08,600519,13:29:19,1460.6700,1,2
2026-04-08,600519,13:29:22,1460.8600,10,4
2026-04-08,600519,13:29:25,1460.6600,2,2
2026-04-08,600519,13:29:28,1460.6600,3,2
2026-04-08,600519,13:29:31,1460.6600,5,2
2026-04-08,600519,13:29:34,1460.6600,2,2
2026-04-08,600519,13:29:40,1460.6600,1,2
2026-04-08,600519,13:29:46,1460.8300,7,1
2026-04-08,600519,13:29:49,1461.0601,1,1
2026-04-08,600519,13:29:55,1461.0601,5,1
2026-04-08,600519,13:29:58,1461.0601,1,1
2026-04-08,600519,13:30:04,1461.0100,3,2
2026-04-08,600519,13:30:07,1461.0000,3,2
2026-04-08,600519,13:30:10,1461.4100,2,1
2026-04-08,600519,13:30:13,1461.4301,5,1
2026-04-08,600519,13:30:16,1461.4600,5,1
2026-04-08,600519,13:30:19,1461.4500,2,1
2026-04-08,600519,13:30:22,1461.4600,1,1
2026-04-08,600519,13:30:25,1461.9399,2,1
2026-04-08,600519,13:30:37,1461.9301,3,1
2026-04-08,600519,13:30:40,1461.9399,3,1
2026-04-08,600519,13:30:43,1461.9399,7,1
2026-04-08,600519,13:30:46,1461.9900,4,1
2026-04-08,600519,13:30:49,1461.9900,14,2
2026-04-08,600519,13:30:52,1461.9900,3,2
2026-04-08,600519,13:30:55,1461.9900,7,2
2026-04-08,600519,13:30:58,1461.9900,4,2
2026-04-08,600519,13:31:01,1462.4600,68,1
2026-04-08,600519,13:31:04,1462.3400,15,1
2026-04-08,600519,13:31:07,1462.7800,1,1
2026-04-08,600519,13:31:10,1463.0000,5,1
2026-04-08,600519,13:31:13,1463.0000,43,1
2026-04-08,600519,13:31:16,1462.4200,20,2
2026-04-08,600519,13:31:19,1463.4800,20,1
2026-04-08,600519,13:31:22,1463.0100,7,2
2026-04-08,600519,13:31:25,1463.0100,3,2
2026-04-08,600519,13:31:28,1463.0000,2,2
2026-04-08,600519,13:31:31,1463.0000,3,2
2026-04-08,600519,13:31:34,1463.0000,5,2
2026-04-08,600519,13:31:37,1463.0000,7,2
2026-04-08,600519,13:31:40,1463.0100,12,1
2026-04-08,600519,13:31:43,1463.0100,9,1
2026-04-08,600519,13:31:46,1463.0601,7,1
2026-04-08,600519,13:31:49,1463.2900,3,1
2026-04-08,600519,13:31:52,1463.2900,3,2
2026-04-08,600519,13:31:55,1463.2900,8,2
2026-04-08,600519,13:31:58,1463.2900,4,1
2026-04-08,600519,13:32:01,1463.4600,3,1
2026-04-08,600519,13:32:04,1463.2900,7,2
2026-04-08,600519,13:32:07,1463.3000,2,2
2026-04-08,600519,13:32:10,1463.4500,4,1
2026-04-08,600519,13:32:13,1463.2900,11,2
2026-04-08,600519,13:32:16,1463.2900,1,2
2026-04-08,600519,13:32:19,1463.3900,4,1
2026-04-08,600519,13:32:22,1463.2900,2,2
2026-04-08,600519,13:32:25,1463.2600,6,2
2026-04-08,600519,13:32:28,1463.2600,4,2
2026-04-08,600519,13:32:34,1463.2300,1,2
2026-04-08,600519,13:32:40,1463.2300,4,2
2026-04-08,600519,13:32:43,1463.2400,3,1
2026-04-08,600519,13:32:49,1463.2400,14,2
2026-04-08,600519,13:32:52,1464.2000,24,1
2026-04-08,600519,13:32:55,1464.2400,5,1
2026-04-08,600519,13:32:58,1464.2900,4,1
2026-04-08,600519,13:33:04,1464.0000,18,2
2026-04-08,600519,13:33:07,1464.3300,8,1
2026-04-08,600519,13:33:13,1464.3400,2,2
2026-04-08,600519,13:33:16,1464.3000,10,2
2026-04-08,600519,13:33:19,1464.1000,13,1
2026-04-08,600519,13:33:22,1464.3300,5,1
2026-04-08,600519,13:33:25,1464.3400,1,1
2026-04-08,600519,13:33:28,1464.1000,1,1
2026-04-08,600519,13:33:31,1464.1200,2,2
2026-04-08,600519,13:33:34,1464.1200,4,2
2026-04-08,600519,13:33:37,1464.1000,8,2
2026-04-08,600519,13:33:40,1464.1200,1,1
2026-04-08,600519,13:33:43,1464.3199,11,1
2026-04-08,600519,13:33:46,1464.1200,5,1
2026-04-08,600519,13:33:52,1463.9700,3,1
2026-04-08,600519,13:33:55,1463.9800,3,2
2026-04-08,600519,13:33:58,1464.1200,3,1
2026-04-08,600519,13:34:01,1464.1300,4,2
2026-04-08,600519,13:34:04,1463.9800,4,2
2026-04-08,600519,13:34:07,1463.9800,1,1
2026-04-08,600519,13:34:10,1464.0100,3,2
2026-04-08,600519,13:34:13,1464.1100,5,1
2026-04-08,600519,13:34:16,1464.1100,6,2
2026-04-08,600519,13:34:19,1464.1100,3,2
2026-04-08,600519,13:34:22,1464.1000,2,1
2026-04-08,600519,13:34:25,1463.9900,1,2
2026-04-08,600519,13:34:28,1464.1000,9,1
2026-04-08,600519,13:34:31,1464.1000,1,1
2026-04-08,600519,13:34:37,1464.1000,8,1
2026-04-08,600519,13:34:40,1464.0000,1,2
2026-04-08,600519,13:34:43,1464.0000,4,1
2026-04-08,600519,13:34:46,1463.9600,5,4
2026-04-08,600519,13:34:49,1464.0100,1,2
2026-04-08,600519,13:34:52,1464.0000,10,2
2026-04-08,600519,13:34:55,1463.9900,5,1
2026-04-08,600519,13:34:58,1464.1000,13,1
2026-04-08,600519,13:35:04,1463.9000,7,2
2026-04-08,600519,13:35:07,1463.9100,2,1
2026-04-08,600519,13:35:13,1463.8000,12,2
2026-04-08,600519,13:35:16,1463.8000,2,1
2026-04-08,600519,13:35:19,1463.7500,6,2
2026-04-08,600519,13:35:22,1463.7500,2,2
2026-04-08,600519,13:35:25,1463.7500,2,2
2026-04-08,600519,13:35:28,1463.7800,11,1
2026-04-08,600519,13:35:31,1463.7300,8,2
2026-04-08,600519,13:35:37,1463.7200,1,2
2026-04-08,600519,13:35:43,1463.6400,6,2
2026-04-08,600519,13:35:49,1463.5699,9,2
2026-04-08,600519,13:35:52,1463.4600,5,2
2026-04-08,600519,13:35:58,1463.2600,5,2
2026-04-08,600519,13:36:01,1463.1000,1,2
2026-04-08,600519,13:36:07,1463.0000,10,2
2026-04-08,600519,13:36:10,1462.8800,2,1
2026-04-08,600519,13:36:16,1462.8700,3,1
2026-04-08,600519,13:36:19,1462.8800,3,1
2026-04-08,600519,13:36:22,1462.6300,7,4
2026-04-08,600519,13:36:25,1462.3800,1,2
2026-04-08,600519,13:36:28,1462.8800,6,1
2026-04-08,600519,13:36:31,1462.8800,3,1
2026-04-08,600519,13:36:34,1462.4100,4,2
2026-04-08,600519,13:36:37,1463.2600,20,1
2026-04-08,600519,13:36:40,1463.2700,4,1
2026-04-08,600519,13:36:43,1463.2600,14,2
2026-04-08,600519,13:36:46,1463.4900,3,1
2026-04-08,600519,13:36:49,1462.9900,27,2
2026-04-08,600519,13:36:52,1463.5000,2,1
2026-04-08,600519,13:36:58,1463.6400,6,1
2026-04-08,600519,13:37:01,1463.6400,1,1
2026-04-08,600519,13:37:07,1463.6400,1,2
2026-04-08,600519,13:37:13,1463.5000,2,2
2026-04-08,600519,13:37:16,1463.6500,7,1
2026-04-08,600519,13:37:19,1463.5000,1,2
2026-04-08,600519,13:37:22,1463.5100,1,2
2026-04-08,600519,13:37:25,1463.5100,3,2
2026-04-08,600519,13:37:28,1463.5100,8,2
2026-04-08,600519,13:37:31,1463.5200,1,2
2026-04-08,600519,13:37:34,1463.5400,1,1
2026-04-08,600519,13:37:37,1463.5300,6,2
2026-04-08,600519,13:37:43,1463.5601,2,1
2026-04-08,600519,13:37:49,1463.5800,2,1
2026-04-08,600519,13:37:52,1463.5699,4,2
2026-04-08,600519,13:37:55,1463.9200,21,1
2026-04-08,600519,13:37:58,1464.0100,13,1
2026-04-08,600519,13:38:01,1464.3700,33,1
2026-04-08,600519,13:38:04,1464.3700,10,1
2026-04-08,600519,13:38:07,1464.5000,2,1
2026-04-08,600519,13:38:10,1464.2900,16,2
2026-04-08,600519,13:38:16,1464.4000,4,2
2026-04-08,600519,13:38:19,1464.5000,2,1
2026-04-08,600519,13:38:22,1464.6100,2,2
2026-04-08,600519,13:38:28,1464.6300,1,2
2026-04-08,600519,13:38:31,1464.6400,3,1
2026-04-08,600519,13:38:34,1464.6600,1,2
2026-04-08,600519,13:38:37,1464.7000,2,1
2026-04-08,600519,13:38:40,1464.8300,7,1
2026-04-08,600519,13:38:43,1464.8300,1,1
2026-04-08,600519,13:38:46,1464.8800,4,1
2026-04-08,600519,13:38:49,1464.8900,3,1
2026-04-08,600519,13:38:52,1464.9000,2,1
2026-04-08,600519,13:38:55,1464.9000,2,1
2026-04-08,600519,13:38:58,1464.9700,7,1
2026-04-08,600519,13:39:01,1464.9600,15,2
2026-04-08,600519,13:39:04,1464.9399,3,2
2026-04-08,600519,13:39:07,1464.9700,2,1
2026-04-08,600519,13:39:10,1464.8900,1,2
2026-04-08,600519,13:39:13,1464.9700,5,1
2026-04-08,600519,13:39:19,1464.9399,5,2
2026-04-08,600519,13:39:22,1464.9800,11,1
2026-04-08,600519,13:39:31,1464.9000,2,2
2026-04-08,600519,13:39:34,1464.9200,1,1
2026-04-08,600519,13:39:37,1464.8900,2,2
2026-04-08,600519,13:39:43,1464.8900,5,2
2026-04-08,600519,13:39:46,1464.8900,1,2
2026-04-08,600519,13:39:49,1464.6200,33,2
2026-04-08,600519,13:39:52,1464.6100,3,1
2026-04-08,600519,13:39:55,1464.4000,2,2
2026-04-08,600519,13:39:58,1464.5000,2,1
2026-04-08,600519,13:40:01,1464.4200,4,2
2026-04-08,600519,13:40:04,1464.4100,6,2
2026-04-08,600519,13:40:07,1464.4100,2,2
2026-04-08,600519,13:40:10,1464.3400,12,2
2026-04-08,600519,13:40:13,1464.3000,8,2
2026-04-08,600519,13:40:16,1464.3000,1,1
2026-04-08,600519,13:40:19,1464.0500,5,2
2026-04-08,600519,13:40:25,1463.8199,6,2
2026-04-08,600519,13:40:31,1463.9000,5,2
2026-04-08,600519,13:40:34,1463.8101,1,2
2026-04-08,600519,13:40:40,1463.7000,1,2
2026-04-08,600519,13:40:43,1464.0500,12,1
2026-04-08,600519,13:40:46,1464.1700,11,1
2026-04-08,600519,13:40:49,1464.3199,6,1
2026-04-08,600519,13:40:55,1464.3500,7,2
2026-04-08,600519,13:40:58,1464.5000,2,1
2026-04-08,600519,13:41:01,1464.5000,1,1
2026-04-08,600519,13:41:04,1464.5000,2,1
2026-04-08,600519,13:41:07,1464.5000,15,1
2026-04-08,600519,13:41:10,1464.7200,9,1
2026-04-08,600519,13:41:16,1464.4200,2,2
2026-04-08,600519,13:41:19,1464.4100,1,2
2026-04-08,600519,13:41:28,1464.9000,5,1
2026-04-08,600519,13:41:31,1465.0000,32,1
2026-04-08,600519,13:41:34,1465.0000,5,1
2026-04-08,600519,13:41:37,1464.9900,4,4
2026-04-08,600519,13:41:40,1464.9900,8,2
2026-04-08,600519,13:41:43,1464.9700,2,2
2026-04-08,600519,13:41:46,1464.9700,5,4
2026-04-08,600519,13:41:49,1464.9700,6,1
2026-04-08,600519,13:41:52,1464.9000,3,2
2026-04-08,600519,13:41:55,1464.9700,3,1
2026-04-08,600519,13:41:58,1464.9700,12,2
2026-04-08,600519,13:42:01,1464.9800,1,2
2026-04-08,600519,13:42:04,1464.9800,2,1
2026-04-08,600519,13:42:07,1465.0000,8,1
2026-04-08,600519,13:42:10,1465.0000,5,1
2026-04-08,600519,13:42:13,1464.9900,5,2
2026-04-08,600519,13:42:16,1465.0000,5,1
2026-04-08,600519,13:42:19,1465.0000,7,1
2026-04-08,600519,13:42:25,1464.9900,1,1
2026-04-08,600519,13:42:28,1464.9900,1,1
2026-04-08,600519,13:42:31,1464.9900,4,1
2026-04-08,600519,13:42:34,1464.9900,15,1
2026-04-08,600519,13:42:37,1464.9800,7,2
2026-04-08,600519,13:42:43,1464.9800,1,2
2026-04-08,600519,13:42:46,1464.9000,10,2
2026-04-08,600519,13:42:49,1464.3700,20,2
2026-04-08,600519,13:42:55,1464.8199,5,1
2026-04-08,600519,13:42:58,1464.8101,2,1
2026-04-08,600519,13:43:01,1464.6801,3,1
2026-04-08,600519,13:43:04,1464.9800,7,1
2026-04-08,600519,13:43:07,1465.0000,88,1
2026-04-08,600519,13:43:10,1465.2200,102,1
2026-04-08,600519,13:43:13,1465.2700,9,1
2026-04-08,600519,13:43:16,1465.7800,62,1
2026-04-08,600519,13:43:19,1465.7800,3,1
2026-04-08,600519,13:43:22,1465.8000,45,1
2026-04-08,600519,13:43:25,1465.8800,9,1
2026-04-08,600519,13:43:28,1465.8800,1,1
2026-04-08,600519,13:43:31,1465.8800,2,1
2026-04-08,600519,13:43:34,1465.8800,3,1
2026-04-08,600519,13:43:37,1465.8800,5,1
2026-04-08,600519,13:43:40,1465.8700,4,2
2026-04-08,600519,13:43:43,1465.9000,5,1
2026-04-08,600519,13:43:46,1465.8800,2,2
2026-04-08,600519,13:43:49,1465.9100,1,1
2026-04-08,600519,13:43:52,1465.5500,42,2
2026-04-08,600519,13:43:55,1464.9900,16,2
2026-04-08,600519,13:43:58,1464.8000,6,2
2026-04-08,600519,13:44:01,1465.0601,34,1
2026-04-08,600519,13:44:04,1464.4399,5,2
2026-04-08,600519,13:44:07,1464.7100,4,1
2026-04-08,600519,13:44:10,1464.1600,2,2
2026-04-08,600519,13:44:16,1464.0601,3,2
2026-04-08,600519,13:44:19,1464.0000,10,2
2026-04-08,600519,13:44:22,1464.3800,3,1
2026-04-08,600519,13:44:25,1463.6400,3,2
2026-04-08,600519,13:44:28,1463.9500,1,2
2026-04-08,600519,13:44:31,1463.9500,1,2
2026-04-08,600519,13:44:37,1463.9500,2,1
2026-04-08,600519,13:44:40,1463.9600,1,2
2026-04-08,600519,13:44:43,1463.9700,1,1
2026-04-08,600519,13:44:46,1463.9700,6,1
2026-04-08,600519,13:44:49,1464.0500,4,1
2026-04-08,600519,13:44:52,1463.9600,2,2
2026-04-08,600519,13:44:55,1464.1500,7,1
2026-04-08,600519,13:44:58,1463.9500,4,2
2026-04-08,600519,13:45:04,1463.9000,3,2
2026-04-08,600519,13:45:07,1464.0500,3,1
2026-04-08,600519,13:45:10,1464.0500,2,1
2026-04-08,600519,13:45:13,1464.0000,1,1
2026-04-08,600519,13:45:16,1464.0699,4,1
2026-04-08,600519,13:45:19,1464.3600,6,1
2026-04-08,600519,13:45:22,1464.3900,2,1
2026-04-08,600519,13:45:25,1464.7100,6,1
2026-04-08,600519,13:45:31,1464.2300,3,2
2026-04-08,600519,13:45:34,1464.2400,2,2
2026-04-08,600519,13:45:37,1464.7900,2,1
2026-04-08,600519,13:45:40,1464.5000,1,2
2026-04-08,600519,13:45:43,1464.9000,1,1
2026-04-08,600519,13:45:46,1464.2400,17,2
2026-04-08,600519,13:45:49,1464.6200,1,1
2026-04-08,600519,13:45:52,1464.6200,2,1
2026-04-08,600519,13:45:55,1464.6200,1,1
2026-04-08,600519,13:45:58,1464.6200,3,2
2026-04-08,600519,13:46:01,1464.9100,5,1
2026-04-08,600519,13:46:04,1464.6300,16,2
2026-04-08,600519,13:46:07,1465.0000,16,1
2026-04-08,600519,13:46:10,1465.5000,2,1
2026-04-08,600519,13:46:13,1465.0000,2,2
2026-04-08,600519,13:46:16,1465.5000,8,1
2026-04-08,600519,13:46:19,1465.0000,9,2
2026-04-08,600519,13:46:22,1465.0000,18,1
2026-04-08,600519,13:46:25,1465.0000,9,1
2026-04-08,600519,13:46:28,1464.8300,3,2
2026-04-08,600519,13:46:31,1464.9301,6,4
2026-04-08,600519,13:46:34,1464.9301,2,1
2026-04-08,600519,13:46:37,1465.5000,8,1
2026-04-08,600519,13:46:40,1465.5000,1,1
2026-04-08,600519,13:46:43,1465.5100,5,1
2026-04-08,600519,13:46:46,1465.0000,11,2
2026-04-08,600519,13:46:49,1464.9700,6,1
2026-04-08,600519,13:46:52,1464.9399,1,2
2026-04-08,600519,13:46:55,1464.9399,2,2
2026-04-08,600519,13:46:58,1464.9600,1,2
2026-04-08,600519,13:47:01,1464.9500,1,2
2026-04-08,600519,13:47:07,1464.9500,2,2
2026-04-08,600519,13:47:16,1464.9399,2,2
2026-04-08,600519,13:47:19,1464.8400,5,2
2026-04-08,600519,13:47:22,1464.8199,10,2
2026-04-08,600519,13:47:25,1464.9500,10,1
2026-04-08,600519,13:47:31,1464.9200,1,1
2026-04-08,600519,13:47:37,1464.8300,4,2
2026-04-08,600519,13:47:40,1464.8199,6,2
2026-04-08,600519,13:47:46,1464.8400,2,2
2026-04-08,600519,13:47:49,1464.8500,1,4
2026-04-08,600519,13:47:55,1464.8400,3,2
2026-04-08,600519,13:47:58,1464.9100,8,1
2026-04-08,600519,13:48:01,1464.9500,3,1
2026-04-08,600519,13:48:07,1464.9100,9,2
2026-04-08,600519,13:48:10,1464.9500,13,1
2026-04-08,600519,13:48:13,1464.9500,3,1
2026-04-08,600519,13:48:19,1464.9000,3,4
2026-04-08,600519,13:48:25,1464.8900,3,2
2026-04-08,600519,13:48:28,1464.8900,1,4
2026-04-08,600519,13:48:31,1464.8900,2,1
2026-04-08,600519,13:48:37,1464.8800,1,2
2026-04-08,600519,13:48:40,1464.8800,1,4
2026-04-08,600519,13:48:43,1464.8800,1,1
2026-04-08,600519,13:48:49,1464.8700,2,2
2026-04-08,600519,13:48:55,1464.8700,2,2
2026-04-08,600519,13:48:58,1464.8600,4,2
2026-04-08,600519,13:49:01,1464.8500,16,2
2026-04-08,600519,13:49:04,1464.7700,11,2
2026-04-08,600519,13:49:07,1464.6200,7,2
2026-04-08,600519,13:49:10,1464.8500,2,1
2026-04-08,600519,13:49:13,1464.8600,9,1
2026-04-08,600519,13:49:16,1464.8700,5,2
2026-04-08,600519,13:49:19,1464.8600,2,2
2026-04-08,600519,13:49:22,1464.8500,1,2
2026-04-08,600519,13:49:28,1464.8600,9,1
2026-04-08,600519,13:49:37,1464.8500,1,1
2026-04-08,600519,13:49:40,1464.8400,7,2
2026-04-08,600519,13:49:43,1464.8400,1,1
2026-04-08,600519,13:49:46,1464.8300,1,2
2026-04-08,600519,13:49:49,1464.8300,3,2
2026-04-08,600519,13:49:52,1464.8300,9,4
2026-04-08,600519,13:49:55,1464.8199,1,2
2026-04-08,600519,13:49:58,1464.8400,2,1
2026-04-08,600519,13:50:01,1464.8199,2,2
2026-04-08,600519,13:50:04,1464.8199,1,2
2026-04-08,600519,13:50:07,1464.8199,4,2
2026-04-08,600519,13:50:13,1464.7500,2,1
2026-04-08,600519,13:50:16,1464.8199,4,1
2026-04-08,600519,13:50:19,1464.8600,40,1
2026-04-08,600519,13:50:22,1464.9500,28,1
2026-04-08,600519,13:50:25,1465.0100,37,1
2026-04-08,600519,13:50:28,1465.4000,9,1
2026-04-08,600519,13:50:31,1465.5000,13,1
2026-04-08,600519,13:50:34,1465.4000,3,2
2026-04-08,600519,13:50:37,1465.4000,2,2
2026-04-08,600519,13:50:40,1465.4100,17,2
2026-04-08,600519,13:50:43,1465.4600,2,2
2026-04-08,600519,13:50:46,1465.4500,2,2
2026-04-08,600519,13:50:49,1465.4200,3,1
2026-04-08,600519,13:50:52,1465.4200,2,1
2026-04-08,600519,13:50:55,1465.3900,4,2
2026-04-08,600519,13:50:58,1465.4000,2,1
2026-04-08,600519,13:51:01,1465.7000,3,1
2026-04-08,600519,13:51:04,1465.5300,1,1
2026-04-08,600519,13:51:10,1465.7200,2,1
2026-04-08,600519,13:51:13,1465.4100,2,2
2026-04-08,600519,13:51:16,1465.7100,6,4
2026-04-08,600519,13:51:19,1465.9000,14,1
2026-04-08,600519,13:51:22,1465.9900,17,1
2026-04-08,600519,13:51:25,1466.0000,17,1
2026-04-08,600519,13:51:28,1465.9100,7,2
2026-04-08,600519,13:51:31,1465.9200,4,1
2026-04-08,600519,13:51:34,1465.9900,15,1
2026-04-08,600519,13:51:40,1465.9800,6,1
2026-04-08,600519,13:51:43,1466.0000,8,1
2026-04-08,600519,13:51:46,1466.0000,7,1
2026-04-08,600519,13:51:49,1465.9900,12,2
2026-04-08,600519,13:51:52,1465.9900,2,4
2026-04-08,600519,13:51:55,1465.9900,2,1
2026-04-08,600519,13:51:58,1465.4000,22,2
2026-04-08,600519,13:52:01,1465.8800,3,1
2026-04-08,600519,13:52:04,1465.0100,1,2
2026-04-08,600519,13:52:10,1465.3500,2,1
2026-04-08,600519,13:52:16,1465.0100,8,2
2026-04-08,600519,13:52:19,1465.3400,1,1
2026-04-08,600519,13:52:22,1465.3500,8,1
2026-04-08,600519,13:52:25,1465.8700,4,1
2026-04-08,600519,13:52:28,1465.8300,13,2
2026-04-08,600519,13:52:37,1465.1600,4,1
2026-04-08,600519,13:52:43,1465.3500,2,1
2026-04-08,600519,13:52:46,1465.9700,3,1
2026-04-08,600519,13:52:49,1465.9700,1,1
2026-04-08,600519,13:52:55,1465.9000,1,1
2026-04-08,600519,13:52:58,1465.4301,2,2
2026-04-08,600519,13:53:04,1465.4399,2,2
2026-04-08,600519,13:53:07,1465.4200,2,2
2026-04-08,600519,13:53:10,1465.4200,3,2
2026-04-08,600519,13:53:16,1465.4399,1,1
2026-04-08,600519,13:53:19,1465.4200,8,2
2026-04-08,600519,13:53:22,1465.4399,6,1
2026-04-08,600519,13:53:25,1465.7000,2,1
2026-04-08,600519,13:53:28,1465.7000,1,1
2026-04-08,600519,13:53:31,1465.8000,1,1
2026-04-08,600519,13:53:34,1465.9000,1,1
2026-04-08,600519,13:53:37,1465.7100,14,2
2026-04-08,600519,13:53:40,1465.7100,4,1
2026-04-08,600519,13:53:43,1465.7200,1,2
2026-04-08,600519,13:53:46,1465.7200,2,2
2026-04-08,600519,13:53:49,1465.7100,5,2
2026-04-08,600519,13:53:52,1465.6600,5,2
2026-04-08,600519,13:53:58,1465.7200,1,1
2026-04-08,600519,13:54:01,1465.7100,1,2
2026-04-08,600519,13:54:04,1465.7200,6,1
2026-04-08,600519,13:54:07,1465.6400,5,2
2026-04-08,600519,13:54:10,1465.6500,17,2
2026-04-08,600519,13:54:13,1465.7000,3,1
2026-04-08,600519,13:54:19,1465.4100,1,1
2026-04-08,600519,13:54:22,1465.5000,1,1
2026-04-08,600519,13:54:25,1465.5000,6,1
2026-04-08,600519,13:54:28,1465.5100,2,1
2026-04-08,600519,13:54:31,1465.3101,2,2
2026-04-08,600519,13:54:34,1465.6700,2,1
2026-04-08,600519,13:54:37,1465.4301,5,2
2026-04-08,600519,13:54:43,1465.4399,3,2
2026-04-08,600519,13:54:46,1465.5300,3,2
2026-04-08,600519,13:54:49,1465.5100,7,2
2026-04-08,600519,13:54:55,1465.6899,4,1
2026-04-08,600519,13:54:58,1465.4399,1,2
2026-04-08,600519,13:55:01,1465.4301,6,2
2026-04-08,600519,13:55:04,1465.6500,3,1
2026-04-08,600519,13:55:10,1465.6100,2,1
2026-04-08,600519,13:55:13,1465.5900,1,1
2026-04-08,600519,13:55:16,1465.6200,3,1
2026-04-08,600519,13:55:19,1465.6500,2,1
2026-04-08,600519,13:55:22,1465.6500,5,1
2026-04-08,600519,13:55:25,1465.6500,1,1
2026-04-08,600519,13:55:28,1465.6500,16,2
2026-04-08,600519,13:55:31,1465.6700,7,1
2026-04-08,600519,13:55:34,1465.7100,2,1
2026-04-08,600519,13:55:37,1465.7200,1,1
2026-04-08,600519,13:55:40,1465.7200,8,1
2026-04-08,600519,13:55:43,1465.7300,3,1
2026-04-08,600519,13:55:46,1465.7600,5,1
2026-04-08,600519,13:55:52,1465.8000,7,1
2026-04-08,600519,13:55:55,1465.7800,2,2
2026-04-08,600519,13:55:58,1465.8000,13,1
2026-04-08,600519,13:56:04,1465.7100,1,2
2026-04-08,600519,13:56:07,1465.8000,5,1
2026-04-08,600519,13:56:10,1465.7100,6,2
2026-04-08,600519,13:56:13,1465.8000,17,1
2026-04-08,600519,13:56:16,1465.7900,2,1
2026-04-08,600519,13:56:19,1465.6600,1,2
2026-04-08,600519,13:56:22,1465.7900,2,1
2026-04-08,600519,13:56:28,1465.6500,4,2
2026-04-08,600519,13:56:31,1465.7700,1,1
2026-04-08,600519,13:56:34,1465.7900,3,1
2026-04-08,600519,13:56:37,1465.7900,1,1
2026-04-08,600519,13:56:40,1465.7900,3,2
2026-04-08,600519,13:56:43,1465.7800,7,2
2026-04-08,600519,13:56:46,1465.8000,5,1
2026-04-08,600519,13:56:49,1465.6899,4,2
2026-04-08,600519,13:56:52,1465.9000,1,1
2026-04-08,600519,13:56:55,1465.6899,4,2
2026-04-08,600519,13:57:01,1465.8900,1,1
2026-04-08,600519,13:57:04,1465.9000,1,1
2026-04-08,600519,13:57:07,1465.9200,10,1
2026-04-08,600519,13:57:10,1465.9800,17,1
2026-04-08,600519,13:57:13,1465.9800,1,1
2026-04-08,600519,13:57:16,1465.9100,3,2
2026-04-08,600519,13:57:22,1465.9100,7,2
2026-04-08,600519,13:57:25,1465.9100,14,4
2026-04-08,600519,13:57:34,1465.6801,2,2
2026-04-08,600519,13:57:37,1465.8900,3,1
2026-04-08,600519,13:57:40,1465.9200,8,1
2026-04-08,600519,13:57:43,1465.8500,2,2
2026-04-08,600519,13:57:46,1465.8300,5,2
2026-04-08,600519,13:57:49,1465.8500,3,1
2026-04-08,600519,13:57:52,1465.7900,2,2
2026-04-08,600519,13:57:55,1465.8199,3,1
2026-04-08,600519,13:58:04,1465.8199,1,1
2026-04-08,600519,13:58:07,1465.7700,7,2
2026-04-08,600519,13:58:10,1465.8101,1,4
2026-04-08,600519,13:58:16,1465.7700,2,2
2026-04-08,600519,13:58:19,1465.7900,2,2
2026-04-08,600519,13:58:22,1465.7800,5,2
2026-04-08,600519,13:58:25,1465.6700,33,2
2026-04-08,600519,13:58:28,1465.5100,5,2
2026-04-08,600519,13:58:31,1465.7500,3,1
2026-04-08,600519,13:58:34,1465.6200,4,2
2026-04-08,600519,13:58:37,1465.6200,1,2
2026-04-08,600519,13:58:43,1465.6200,1,2
2026-04-08,600519,13:58:46,1465.6200,1,2
2026-04-08,600519,13:58:49,1465.7000,5,1
2026-04-08,600519,13:58:52,1465.6100,9,2
2026-04-08,600519,13:58:55,1465.7000,5,1
2026-04-08,600519,13:58:58,1465.7000,2,1
2026-04-08,600519,13:59:01,1465.6300,1,2
2026-04-08,600519,13:59:04,1465.7000,4,1
2026-04-08,600519,13:59:07,1465.6500,2,2
2026-04-08,600519,13:59:10,1465.6200,8,2
2026-04-08,600519,13:59:13,1465.6200,3,1
2026-04-08,600519,13:59:16,1465.6200,2,2
2026-04-08,600519,13:59:19,1465.6300,4,2
2026-04-08,600519,13:59:25,1465.6000,15,2
2026-04-08,600519,13:59:28,1465.5800,3,2
2026-04-08,600519,10:28:40,1464.9399,7,2
2026-04-08,600519,10:28:43,1464.9399,1,1
2026-04-08,600519,10:28:46,1464.9399,1,1
2026-04-08,600519,10:28:49,1465.5100,2,1
2026-04-08,600519,10:28:52,1465.0000,15,2
2026-04-08,600519,10:28:55,1464.9399,2,2
2026-04-08,600519,10:28:58,1465.6801,3,1
2026-04-08,600519,10:29:01,1465.6000,8,1
2026-04-08,600519,10:29:04,1465.6400,1,1
2026-04-08,600519,10:29:07,1465.5000,5,1
2026-04-08,600519,10:29:10,1465.5000,2,1
2026-04-08,600519,10:29:13,1465.5000,3,1
2026-04-08,600519,10:29:16,1465.5000,2,1
2026-04-08,600519,10:29:22,1465.4900,1,1
2026-04-08,600519,10:29:25,1465.5000,3,1
2026-04-08,600519,10:29:28,1465.4900,4,1
2026-04-08,600519,10:29:31,1465.5000,7,2
2026-04-08,600519,10:29:34,1465.6000,3,1
2026-04-08,600519,10:29:37,1465.5900,3,1
2026-04-08,600519,10:29:40,1465.5699,3,2
2026-04-08,600519,10:29:43,1465.5300,1,2
2026-04-08,600519,10:29:46,1465.2800,7,2
2026-04-08,600519,10:29:49,1465.6000,1,1
2026-04-08,600519,10:29:52,1465.4700,1,1
2026-04-08,600519,10:29:58,1464.5900,2,2
2026-04-08,600519,10:30:01,1464.5900,37,2
2026-04-08,600519,10:30:04,1465.5500,9,1
2026-04-08,600519,10:30:07,1465.5500,10,1
2026-04-08,600519,10:30:10,1465.5500,1,1
2026-04-08,600519,10:30:13,1465.5000,3,1
2026-04-08,600519,10:30:16,1464.6500,2,2
2026-04-08,600519,10:30:19,1464.6500,7,2
2026-04-08,600519,10:30:22,1465.6000,21,1
2026-04-08,600519,10:30:25,1465.5601,5,1
2026-04-08,600519,10:30:28,1465.6801,6,1
2026-04-08,600519,10:30:31,1465.6899,14,1
2026-04-08,600519,10:30:34,1465.6200,6,2
2026-04-08,600519,10:30:37,1464.0000,22,2
2026-04-08,600519,10:30:40,1465.8700,7,1
2026-04-08,600519,10:30:43,1465.6300,6,1
2026-04-08,600519,10:30:46,1465.8800,1,1
2026-04-08,600519,10:30:49,1465.8900,1,1
2026-04-08,600519,10:30:52,1465.8800,2,1
2026-04-08,600519,10:31:04,1465.0100,5,2
2026-04-08,600519,10:31:07,1465.7900,1,1
2026-04-08,600519,10:31:10,1465.8000,1,1
2026-04-08,600519,10:31:13,1465.7900,5,1
2026-04-08,600519,10:31:16,1465.7800,2,1
2026-04-08,600519,10:31:19,1465.7700,1,1
2026-04-08,600519,10:31:22,1465.0100,1,2
2026-04-08,600519,10:31:25,1465.7600,5,1
2026-04-08,600519,10:31:28,1465.7700,1,1
2026-04-08,600519,10:31:37,1465.0300,13,2
2026-04-08,600519,10:31:43,1465.0100,1,1
2026-04-08,600519,10:31:46,1465.0100,1,1
2026-04-08,600519,10:31:49,1465.0000,3,2
2026-04-08,600519,10:31:52,1465.0000,7,2
2026-04-08,600519,10:31:55,1465.0000,12,2
2026-04-08,600519,10:31:58,1465.1200,5,1
2026-04-08,600519,10:32:01,1465.3000,4,1
2026-04-08,600519,10:32:04,1465.7000,5,1
2026-04-08,600519,10:32:07,1465.3000,11,2
2026-04-08,600519,10:32:10,1465.1100,7,2
2026-04-08,600519,10:32:13,1465.1100,7,1
2026-04-08,600519,10:32:16,1465.0699,2,1
2026-04-08,600519,10:32:19,1465.0699,2,1
2026-04-08,600519,10:32:22,1465.0000,7,2
2026-04-08,600519,10:32:25,1465.0000,1,1
2026-04-08,600519,10:32:28,1465.0699,3,1
2026-04-08,600519,10:32:34,1465.0601,1,1
2026-04-08,600519,10:32:37,1465.0000,25,2
2026-04-08,600519,10:32:40,1465.0601,1,1
2026-04-08,600519,10:32:43,1464.2700,1,2
2026-04-08,600519,10:32:46,1465.0000,1,1
2026-04-08,600519,10:32:52,1465.0000,11,1
2026-04-08,600519,10:32:55,1465.1000,4,1
2026-04-08,600519,10:33:01,1465.1000,1,1
2026-04-08,600519,10:33:04,1465.1000,3,2
2026-04-08,600519,10:33:07,1465.6500,7,1
2026-04-08,600519,10:33:13,1465.6500,7,1
2026-04-08,600519,10:33:16,1464.3300,2,2
2026-04-08,600519,10:33:19,1465.0699,3,1
2026-04-08,600519,10:33:22,1465.0699,5,1
2026-04-08,600519,10:33:25,1465.0699,6,1
2026-04-08,600519,10:33:28,1464.4100,5,2
2026-04-08,600519,10:33:34,1465.1000,8,1
2026-04-08,600519,10:33:37,1465.0000,1,1
2026-04-08,600519,10:33:40,1465.0300,6,2
2026-04-08,600519,10:33:46,1465.5800,1,1
2026-04-08,600519,10:33:49,1465.0300,9,2
2026-04-08,600519,10:33:52,1465.5800,1,1
2026-04-08,600519,10:33:58,1465.5900,11,2
2026-04-08,600519,10:34:01,1465.6801,7,1
2026-04-08,600519,10:34:04,1465.7000,3,1
2026-04-08,600519,10:34:07,1465.7400,1,1
2026-04-08,600519,10:34:10,1465.7000,5,2
2026-04-08,600519,10:34:13,1465.7000,4,2
2026-04-08,600519,10:34:16,1465.8000,3,1
2026-04-08,600519,10:34:19,1465.8600,4,1
2026-04-08,600519,10:34:22,1465.9399,20,1
2026-04-08,600519,10:34:25,1465.8000,32,2
2026-04-08,600519,10:34:28,1465.9800,12,1
2026-04-08,600519,10:34:31,1465.9900,3,1
2026-04-08,600519,10:34:34,1465.9000,4,2
2026-04-08,600519,10:34:40,1466.0000,91,1
2026-04-08,600519,10:34:43,1465.9900,12,1
2026-04-08,600519,10:34:46,1465.9000,3,1
2026-04-08,600519,10:34:49,1466.0000,20,1
2026-04-08,600519,10:34:52,1466.0000,5,1
2026-04-08,600519,10:34:55,1465.0699,4,2
2026-04-08,600519,10:34:58,1466.0000,3,1
2026-04-08,600519,10:35:01,1466.0000,9,1
2026-04-08,600519,10:35:04,1466.0000,6,1
2026-04-08,600519,10:35:07,1465.0699,3,2
2026-04-08,600519,10:35:10,1465.9500,2,1
2026-04-08,600519,10:35:13,1465.2000,1,2
2026-04-08,600519,10:35:16,1465.0699,1,2
2026-04-08,600519,10:35:22,1465.0800,15,2
2026-04-08,600519,10:35:25,1465.8700,2,1
2026-04-08,600519,10:35:28,1465.8900,23,1
2026-04-08,600519,10:35:31,1465.9000,1,1
2026-04-08,600519,10:35:34,1465.0800,1,2
2026-04-08,600519,10:35:43,1465.7800,3,1
2026-04-08,600519,10:35:46,1465.7600,1,1
2026-04-08,600519,10:35:49,1465.0800,1,2
2026-04-08,600519,10:35:52,1465.7400,1,1
2026-04-08,600519,10:35:58,1465.7400,2,1
2026-04-08,600519,10:36:01,1465.7400,1,1
2026-04-08,600519,10:36:04,1465.7300,8,1
2026-04-08,600519,10:36:07,1465.0800,3,2
2026-04-08,600519,10:36:10,1464.4301,5,2
2026-04-08,600519,10:36:13,1464.0300,5,2
2026-04-08,600519,10:36:16,1464.2000,4,1
2026-04-08,600519,10:36:19,1463.0100,2,2
2026-04-08,600519,10:36:22,1464.0100,12,1
2026-04-08,600519,10:36:25,1463.0100,1,2
2026-04-08,600519,10:36:28,1463.0000,10,2
2026-04-08,600519,10:36:31,1464.0000,15,1
2026-04-08,600519,10:36:34,1464.1000,3,1
2026-04-08,600519,10:36:37,1464.2100,4,1
2026-04-08,600519,10:36:40,1464.0100,3,2
2026-04-08,600519,10:36:43,1464.3700,1,1
2026-04-08,600519,10:36:46,1464.3700,6,1
2026-04-08,600519,10:36:49,1464.3700,1,1
2026-04-08,600519,10:36:52,1464.3700,1,1
2026-04-08,600519,10:36:55,1464.3600,1,1
2026-04-08,600519,10:36:58,1464.3199,2,2
2026-04-08,600519,10:37:01,1464.3199,1,1
2026-04-08,600519,10:37:10,1464.3199,1,1
2026-04-08,600519,10:37:13,1464.0601,1,2
2026-04-08,600519,10:37:16,1464.0100,5,2
2026-04-08,600519,10:37:19,1464.0300,2,2
2026-04-08,600519,10:37:22,1464.0000,19,2
2026-04-08,600519,10:37:25,1464.0000,11,2
2026-04-08,600519,10:37:28,1464.3700,8,1
2026-04-08,600519,10:37:31,1465.0000,11,1
2026-04-08,600519,10:37:34,1465.5900,8,1
2026-04-08,600519,10:37:37,1465.6100,12,1
2026-04-08,600519,10:37:40,1465.1500,4,2
2026-04-08,600519,10:37:43,1465.7100,1,1
2026-04-08,600519,10:37:46,1465.1400,2,2
2026-04-08,600519,10:37:49,1464.3199,14,2
2026-04-08,600519,10:37:58,1464.3199,1,2
2026-04-08,600519,10:38:01,1464.3199,6,2
2026-04-08,600519,10:38:07,1464.3199,5,1
2026-04-08,600519,10:38:10,1464.3199,5,1
2026-04-08,600519,10:38:13,1464.3199,1,1
2026-04-08,600519,10:38:16,1463.0300,39,2
2026-04-08,600519,10:38:22,1464.3199,3,1
2026-04-08,600519,10:38:25,1464.3199,4,1
2026-04-08,600519,10:38:28,1464.3199,7,1
2026-04-08,600519,10:38:31,1463.0100,8,2
2026-04-08,600519,10:38:34,1463.0800,32,1
2026-04-08,600519,10:38:37,1463.0800,2,1
2026-04-08,600519,10:38:40,1463.0300,4,2
2026-04-08,600519,10:38:43,1463.1000,1,1
2026-04-08,600519,10:38:46,1464.0000,2,1
2026-04-08,600519,10:38:52,1463.9500,12,2
2026-04-08,600519,10:38:55,1463.8900,1,2
2026-04-08,600519,10:38:58,1463.9900,1,1
2026-04-08,600519,10:39:01,1463.9900,2,1
2026-04-08,600519,10:39:07,1463.1100,11,2
2026-04-08,600519,10:39:10,1463.1100,3,1
2026-04-08,600519,10:39:16,1463.1000,1,4
2026-04-08,600519,10:39:19,1463.0900,4,2
2026-04-08,600519,10:39:22,1463.0900,1,2
2026-04-08,600519,10:39:25,1463.0900,2,2
2026-04-08,600519,10:39:28,1463.0900,4,2
2026-04-08,600519,10:39:31,1463.0100,3,2
2026-04-08,600519,10:39:34,1463.0000,2,2
2026-04-08,600519,10:39:37,1462.1400,4,2
2026-04-08,600519,10:39:40,1462.1300,1,2
2026-04-08,600519,10:39:43,1462.6000,2,1
2026-04-08,600519,10:39:49,1462.1600,3,2
2026-04-08,600519,10:39:52,1462.5699,1,2
2026-04-08,600519,10:39:55,1462.1200,9,2
2026-04-08,600519,10:39:58,1462.1300,4,1
2026-04-08,600519,10:40:01,1462.1200,2,2
2026-04-08,600519,10:40:04,1462.1200,2,2
2026-04-08,600519,10:40:07,1462.1500,11,1
2026-04-08,600519,10:40:10,1462.4301,1,1
2026-04-08,600519,10:40:13,1462.7200,2,1
2026-04-08,600519,10:40:16,1462.4800,5,2
2026-04-08,600519,10:40:22,1462.5800,1,2
2026-04-08,600519,10:40:25,1462.5100,6,2
2026-04-08,600519,10:40:34,1462.5100,5,2
2026-04-08,600519,10:40:37,1462.5000,11,2
2026-04-08,600519,10:40:40,1462.5100,2,2
2026-04-08,600519,10:40:43,1462.5000,1,2
2026-04-08,600519,10:40:46,1462.4800,10,2
2026-04-08,600519,10:40:49,1462.5200,3,2
2026-04-08,600519,10:40:52,1462.4399,7,2
2026-04-08,600519,10:40:58,1462.4600,1,2
2026-04-08,600519,10:41:01,1462.4600,9,2
2026-04-08,600519,10:41:07,1462.7000,5,1
2026-04-08,600519,10:41:10,1462.5200,5,2
2026-04-08,600519,10:41:13,1462.5200,6,2
2026-04-08,600519,10:41:16,1463.0900,2,1
2026-04-08,600519,10:41:19,1463.1000,1,1
2026-04-08,600519,10:41:22,1463.9900,10,1
2026-04-08,600519,10:41:25,1464.2000,10,1
2026-04-08,600519,10:41:28,1464.2100,9,1
2026-04-08,600519,10:41:34,1464.2000,3,1
2026-04-08,600519,10:41:37,1464.2100,1,1
2026-04-08,600519,10:41:40,1463.2600,2,2
2026-04-08,600519,10:41:43,1464.2800,3,1
2026-04-08,600519,10:41:46,1464.0000,10,1
2026-04-08,600519,10:41:55,1463.2600,1,2
2026-04-08,600519,10:41:58,1463.9900,1,1
2026-04-08,600519,10:42:01,1463.3000,1,2
2026-04-08,600519,10:42:04,1464.0000,3,1
2026-04-08,600519,10:42:07,1463.3300,1,2
2026-04-08,600519,10:42:10,1463.3199,3,2
2026-04-08,600519,10:42:13,1463.3300,1,2
2026-04-08,600519,10:42:16,1463.3000,4,2
2026-04-08,600519,10:42:19,1463.2600,5,2
2026-04-08,600519,10:42:22,1463.3199,2,1
2026-04-08,600519,10:42:25,1463.2600,1,2
2026-04-08,600519,10:42:28,1463.2800,1,1
2026-04-08,600519,10:42:34,1463.2800,1,1
2026-04-08,600519,10:42:40,1463.3000,3,1
2026-04-08,600519,10:42:52,1463.2500,6,2
2026-04-08,600519,10:42:58,1463.2500,1,1
2026-04-08,600519,10:43:01,1463.2500,5,1
2026-04-08,600519,10:43:04,1463.2700,5,1
2026-04-08,600519,10:43:07,1463.3101,4,1
2026-04-08,600519,10:43:10,1463.3199,2,1
2026-04-08,600519,10:43:13,1463.3199,2,1
2026-04-08,600519,10:43:16,1463.1100,4,2
2026-04-08,600519,10:43:19,1463.3199,3,1
2026-04-08,600519,10:43:22,1463.3300,3,1
2026-04-08,600519,10:43:25,1463.3101,1,1
2026-04-08,600519,10:43:28,1463.1300,2,2
2026-04-08,600519,10:43:31,1463.3101,3,1
2026-04-08,600519,10:43:34,1463.3300,3,1
2026-04-08,600519,10:43:37,1463.3400,4,2
2026-04-08,600519,10:43:40,1463.7300,3,1
2026-04-08,600519,10:43:49,1463.7200,3,1
2026-04-08,600519,10:43:58,1463.7200,5,1
2026-04-08,600519,10:44:01,1463.7200,2,1
2026-04-08,600519,10:44:04,1463.7300,2,1
2026-04-08,600519,10:44:07,1464.0000,5,1
2026-04-08,600519,10:44:10,1464.0000,1,1
2026-04-08,600519,10:44:13,1464.3199,2,1
2026-04-08,600519,10:44:16,1463.9900,7,2
2026-04-08,600519,10:44:22,1464.2100,5,2
2026-04-08,600519,10:44:25,1464.2100,9,2
2026-04-08,600519,10:44:28,1463.9800,3,2
2026-04-08,600519,10:44:34,1463.7300,1,2
2026-04-08,600519,10:44:37,1463.7300,3,2
2026-04-08,600519,10:44:40,1463.7300,3,2
2026-04-08,600519,10:44:46,1463.9800,1,1
2026-04-08,600519,10:44:55,1463.7500,1,2
2026-04-08,600519,10:44:58,1463.9800,19,1
2026-04-08,600519,10:45:01,1464.2100,12,1
2026-04-08,600519,10:45:07,1464.0000,2,1
2026-04-08,600519,10:45:13,1463.9800,7,2
2026-04-08,600519,10:45:16,1463.9700,4,2
2026-04-08,600519,10:45:22,1463.3400,22,2
2026-04-08,600519,10:45:28,1463.3400,2,2
2026-04-08,600519,10:45:31,1463.1300,6,2
2026-04-08,600519,10:45:34,1463.1000,2,2
2026-04-08,600519,10:45:40,1463.0300,5,2
2026-04-08,600519,10:45:43,1463.1300,1,1
2026-04-08,600519,10:45:46,1463.0000,1,2
2026-04-08,600519,10:45:49,1462.9900,5,1
2026-04-08,600519,10:45:55,1462.8199,2,2
2026-04-08,600519,10:45:58,1462.9700,2,1
2026-04-08,600519,10:46:01,1462.6000,4,2
2026-04-08,600519,10:46:07,1462.9500,1,1
2026-04-08,600519,10:46:10,1462.6000,3,2
2026-04-08,600519,10:46:13,1462.9500,1,1
2026-04-08,600519,10:46:16,1462.9500,9,1
2026-04-08,600519,10:46:19,1462.9500,3,1
2026-04-08,600519,10:46:22,1462.9200,8,2
2026-04-08,600519,10:46:25,1463.3400,1,1
2026-04-08,600519,10:46:31,1463.3000,1,1
2026-04-08,600519,10:46:34,1463.3199,6,1
2026-04-08,600519,10:46:37,1463.4399,6,1
2026-04-08,600519,10:46:40,1464.1000,3,1
2026-04-08,600519,10:46:43,1464.1200,1,2
2026-04-08,600519,10:46:46,1464.2000,8,1
2026-04-08,600519,10:46:49,1464.2100,6,1
2026-04-08,600519,10:46:52,1464.3199,9,1
2026-04-08,600519,10:46:55,1464.2200,14,2
2026-04-08,600519,10:46:58,1464.2200,7,2
2026-04-08,600519,10:47:01,1464.2100,2,2
2026-04-08,600519,10:47:04,1464.1200,6,2
2026-04-08,600519,10:47:07,1464.1200,2,2
2026-04-08,600519,10:47:16,1463.3000,1,2
2026-04-08,600519,10:47:22,1463.3101,2,2
2026-04-08,600519,10:47:28,1463.3300,3,2
2026-04-08,600519,10:47:34,1464.0601,5,1
2026-04-08,600519,10:47:40,1464.0699,9,1
2026-04-08,600519,10:47:49,1463.3400,4,2
2026-04-08,600519,10:47:55,1463.3500,1,2
2026-04-08,600519,10:48:01,1463.3400,1,2
2026-04-08,600519,10:48:04,1464.0000,2,1
2026-04-08,600519,10:48:07,1463.3400,4,2
2026-04-08,600519,10:48:10,1463.9600,55,1
2026-04-08,600519,10:48:13,1462.4800,2,2
2026-04-08,600519,10:48:16,1463.5200,2,1
2026-04-08,600519,10:48:19,1463.0000,4,1
2026-04-08,600519,10:48:22,1462.9900,1,1
2026-04-08,600519,10:48:25,1462.9900,5,1
2026-04-08,600519,10:48:28,1463.5100,6,1
2026-04-08,600519,10:48:40,1463.2200,2,1
2026-04-08,600519,10:48:46,1462.6899,3,2
2026-04-08,600519,10:48:49,1462.7300,4,2
2026-04-08,600519,10:48:52,1462.6801,2,2
2026-04-08,600519,10:48:55,1463.4700,1,1
2026-04-08,600519,10:48:58,1462.7000,2,2
2026-04-08,600519,10:49:04,1462.6801,1,2
2026-04-08,600519,10:49:07,1463.4600,1,1
2026-04-08,600519,10:49:10,1463.4800,2,1
2026-04-08,600519,10:49:13,1463.4800,2,1
2026-04-08,600519,10:49:16,1463.4700,1,1
2026-04-08,600519,10:49:19,1463.4700,1,1
2026-04-08,600519,10:49:25,1463.4600,2,1
2026-04-08,600519,10:49:31,1463.4600,3,1
2026-04-08,600519,10:49:34,1463.4700,2,1
2026-04-08,600519,10:49:37,1462.8199,3,2
2026-04-08,600519,10:49:40,1463.4700,4,1
2026-04-08,600519,10:49:43,1462.8300,2,2
2026-04-08,600519,10:49:46,1463.4700,4,1
2026-04-08,600519,10:49:49,1462.8500,1,2
2026-04-08,600519,10:49:52,1463.4600,1,1
2026-04-08,600519,10:49:55,1463.0000,1,2
2026-04-08,600519,10:50:01,1462.9900,1,1
2026-04-08,600519,10:50:04,1463.0000,2,1
2026-04-08,600519,10:50:07,1463.0000,10,1
2026-04-08,600519,10:50:13,1463.0000,6,1
2026-04-08,600519,10:50:16,1462.9800,3,4
2026-04-08,600519,10:50:22,1462.9900,3,1
2026-04-08,600519,10:50:25,1462.9600,3,2
2026-04-08,600519,10:50:28,1462.9900,7,1
2026-04-08,600519,10:50:31,1462.9500,4,2
2026-04-08,600519,10:50:34,1462.9900,2,1
2026-04-08,600519,10:50:37,1462.9900,1,1
2026-04-08,600519,10:50:40,1462.9900,1,2
2026-04-08,600519,10:50:43,1463.0000,1,1
2026-04-08,600519,10:50:46,1462.9900,5,2
2026-04-08,600519,10:50:49,1463.0000,3,1
2026-04-08,600519,10:50:52,1463.0000,2,1
2026-04-08,600519,10:50:55,1463.0000,3,1
2026-04-08,600519,10:50:58,1463.0000,2,1
2026-04-08,600519,10:51:01,1463.0000,2,1
2026-04-08,600519,10:51:04,1462.9900,1,2
2026-04-08,600519,10:51:07,1462.9600,5,2
2026-04-08,600519,10:51:10,1462.8000,43,2
2026-04-08,600519,10:51:16,1462.7900,1,1
2026-04-08,600519,10:51:22,1462.1300,11,2
2026-04-08,600519,10:51:31,1462.1300,3,2
2026-04-08,600519,10:51:34,1462.1801,2,2
2026-04-08,600519,10:51:40,1462.7600,1,1
2026-04-08,600519,10:51:43,1462.4900,4,1
2026-04-08,600519,10:51:46,1462.2000,1,2
2026-04-08,600519,10:51:49,1462.1200,24,2
2026-04-08,600519,10:51:52,1462.1500,5,1
2026-04-08,600519,10:51:58,1462.2900,21,1
2026-04-08,600519,10:52:01,1462.3800,8,1
2026-04-08,600519,10:52:04,1462.1500,4,2
2026-04-08,600519,10:52:07,1462.0900,10,2
2026-04-08,600519,10:52:10,1462.0900,7,2
2026-04-08,600519,10:52:16,1462.3000,16,1
2026-04-08,600519,10:52:19,1461.9000,24,2
2026-04-08,600519,10:52:22,1461.4000,6,2
2026-04-08,600519,10:52:25,1461.0100,17,2
2026-04-08,600519,10:52:28,1461.0000,1,2
2026-04-08,600519,10:52:31,1460.5200,7,2
2026-04-08,600519,10:52:37,1461.3300,2,1
2026-04-08,600519,10:52:40,1461.0200,2,2
2026-04-08,600519,10:52:46,1461.1000,1,1
2026-04-08,600519,10:52:52,1461.0000,5,2
2026-04-08,600519,10:52:55,1460.9200,1,2
2026-04-08,600519,10:52:58,1460.5100,3,2
2026-04-08,600519,10:53:01,1460.9500,3,1
2026-04-08,600519,10:53:07,1460.5100,1,2
2026-04-08,600519,10:53:10,1460.9000,4,1
2026-04-08,600519,10:53:16,1460.7000,3,2
2026-04-08,600519,10:53:19,1460.1801,11,2
2026-04-08,600519,10:53:22,1460.5500,3,2
2026-04-08,600519,10:53:25,1460.8600,1,1
2026-04-08,600519,10:53:31,1460.5400,4,2
2026-04-08,600519,10:53:34,1460.5601,2,2
2026-04-08,600519,10:53:37,1460.8700,5,1
2026-04-08,600519,10:53:40,1460.1100,7,2
2026-04-08,600519,10:53:43,1460.5000,4,2
2026-04-08,600519,10:53:46,1460.5601,11,1
2026-04-08,600519,10:53:49,1460.5601,6,2
2026-04-08,600519,10:53:52,1460.5601,3,2
2026-04-08,600519,10:53:55,1460.5601,2,2
2026-04-08,600519,10:53:58,1460.5601,15,2
2026-04-08,600519,10:54:01,1460.6000,4,1
2026-04-08,600519,10:54:04,1460.5601,5,2
2026-04-08,600519,10:54:10,1460.5601,2,1
2026-04-08,600519,10:54:13,1460.5601,3,1
2026-04-08,600519,10:54:16,1460.2500,4,2
2026-04-08,600519,10:54:19,1460.2300,3,2
2026-04-08,600519,10:54:28,1460.5400,1,1
2026-04-08,600519,10:54:31,1460.0699,24,2
2026-04-08,600519,10:54:34,1460.2500,5,2
2026-04-08,600519,10:54:37,1460.5200,5,1
2026-04-08,600519,10:54:43,1460.2200,1,2
2026-04-08,600519,10:54:46,1460.4200,3,2
2026-04-08,600519,10:54:52,1460.2200,1,2
2026-04-08,600519,10:54:55,1460.4200,3,1
2026-04-08,600519,10:54:58,1460.0800,2,2
2026-04-08,600519,10:55:01,1460.0800,1,2
