date,code,time,price,volume,bs
2026-04-15,601318,14:06:47,58.7600,67,1
2026-04-15,601318,14:06:50,58.7600,394,1
2026-04-15,601318,14:06:54,58.7700,601,1
2026-04-15,601318,14:06:57,58.7700,295,1
2026-04-15,601318,14:07:00,58.7700,99,1
2026-04-15,601318,14:07:02,58.7800,54,4
2026-04-15,601318,14:07:06,58.7700,44,2
2026-04-15,601318,14:07:08,58.7800,66,1
2026-04-15,601318,14:07:12,58.7700,122,2
2026-04-15,601318,14:07:14,58.7700,131,2
2026-04-15,601318,14:07:18,58.7800,18,1
2026-04-15,601318,14:07:20,58.7800,41,1
2026-04-15,601318,14:07:23,58.8000,32,1
2026-04-15,601318,14:07:27,58.7700,87,2
2026-04-15,601318,14:07:30,58.7600,185,2
2026-04-15,601318,14:07:32,58.7900,33,1
2026-04-15,601318,14:07:35,58.7700,56,2
2026-04-15,601318,14:07:39,58.7800,8,1
2026-04-15,601318,14:07:41,58.7800,24,2
2026-04-15,601318,14:07:44,58.7900,46,1
2026-04-15,601318,14:07:48,58.7900,18,1
2026-04-15,601318,14:07:50,58.7900,47,1
2026-04-15,601318,14:07:53,58.8000,68,1
2026-04-15,601318,14:07:57,58.7900,298,2
2026-04-15,601318,14:07:59,58.7900,51,1
2026-04-15,601318,14:08:03,58.7800,126,2
2026-04-15,601318,14:08:06,58.8000,72,1
2026-04-15,601318,14:08:08,58.8100,139,1
2026-04-15,601318,14:08:11,58.8100,85,1
2026-04-15,601318,14:08:15,58.8000,62,2
2026-04-15,601318,14:08:18,58.8100,4,4
2026-04-15,601318,14:08:21,58.8100,12,1
2026-04-15,601318,14:08:24,58.8100,76,2
2026-04-15,601318,14:08:27,58.8100,74,2
2026-04-15,601318,14:08:30,58.8200,75,1
2026-04-15,601318,14:08:32,58.8200,34,1
2026-04-15,601318,14:08:35,58.8100,106,2
2026-04-15,601318,14:08:38,58.8200,36,4
2026-04-15,601318,14:08:42,58.8200,8,4
2026-04-15,601318,14:08:45,58.8200,172,4
2026-04-15,601318,14:08:48,58.8100,57,2
2026-04-15,601318,14:08:50,58.8200,5,1
2026-04-15,601318,14:08:54,58.8100,17,2
2026-04-15,601318,14:08:56,58.8100,27,2
2026-04-15,601318,14:08:59,58.8200,33,1
2026-04-15,601318,14:09:02,58.8200,59,1
2026-04-15,601318,14:09:06,58.8100,31,2
2026-04-15,601318,14:09:08,58.8200,136,1
2026-04-15,601318,14:09:12,58.8200,43,1
2026-04-15,601318,14:09:14,58.8200,51,2
2026-04-15,601318,14:09:17,58.8200,14,2
2026-04-15,601318,14:09:24,58.8200,5,2
2026-04-15,601318,14:09:26,58.8200,55,2
2026-04-15,601318,14:09:30,58.8200,239,2
2026-04-15,601318,14:09:33,58.8200,251,1
2026-04-15,601318,14:09:35,58.8300,95,1
2026-04-15,601318,14:09:38,58.8200,15,1
2026-04-15,601318,14:09:41,58.8200,8,1
2026-04-15,601318,14:09:44,58.8200,55,1
2026-04-15,601318,14:09:48,58.8200,33,1
2026-04-15,601318,14:09:50,58.8200,74,1
2026-04-15,601318,14:09:53,58.8200,33,1
2026-04-15,601318,14:09:57,58.8100,30,2
2026-04-15,601318,14:10:00,58.8100,17,2
2026-04-15,601318,14:10:02,58.8100,4,2
2026-04-15,601318,14:10:06,58.8200,56,1
2026-04-15,601318,14:10:09,58.8100,54,2
2026-04-15,601318,14:10:11,58.8100,7,2
2026-04-15,601318,14:10:14,58.8100,28,2
2026-04-15,601318,14:10:17,58.8200,168,1
2026-04-15,601318,14:10:21,58.8200,98,1
2026-04-15,601318,14:10:23,58.8100,114,2
2026-04-15,601318,14:10:27,58.8100,58,2
2026-04-15,601318,14:10:30,58.8200,59,1
2026-04-15,601318,14:10:32,58.8100,27,2
2026-04-15,601318,14:10:35,58.8100,7,2
2026-04-15,601318,14:10:39,58.8100,7,2
2026-04-15,601318,14:10:41,58.8100,16,2
2026-04-15,601318,14:10:44,58.8200,41,1
2026-04-15,601318,14:10:48,58.8200,30,1
2026-04-15,601318,14:10:51,58.8200,20,1
2026-04-15,601318,14:10:54,58.8100,31,2
2026-04-15,601318,14:10:56,58.8100,62,2
2026-04-15,601318,14:11:00,58.8100,14,2
2026-04-15,601318,14:11:02,58.8100,23,2
2026-04-15,601318,14:11:05,58.8200,49,1
2026-04-15,601318,14:11:09,58.8100,168,2
2026-04-15,601318,14:11:11,58.8200,704,1
2026-04-15,601318,14:11:15,58.8300,249,2
2026-04-15,601318,14:11:18,58.8500,110,1
2026-04-15,601318,14:11:20,58.8400,4,4
2026-04-15,601318,14:11:23,58.8400,92,2
2026-04-15,601318,14:11:27,58.8700,57,1
2026-04-15,601318,14:11:30,58.8600,132,1
2026-04-15,601318,14:11:33,58.8500,49,2
2026-04-15,601318,14:11:35,58.8600,86,1
2026-04-15,601318,14:11:39,58.8400,175,2
2026-04-15,601318,14:11:41,58.8500,89,1
2026-04-15,601318,14:11:44,58.8300,38,2
2026-04-15,601318,14:11:47,58.8400,59,1
2026-04-15,601318,14:11:51,58.8400,21,4
2026-04-15,601318,14:11:53,58.8500,5,1
2026-04-15,601318,14:11:56,58.8400,95,2
2026-04-15,601318,14:12:00,58.8300,32,4
2026-04-15,601318,14:12:03,58.8300,26,1
2026-04-15,601318,14:12:06,58.8200,3,2
2026-04-15,601318,14:12:08,58.8200,9,2
2026-04-15,601318,14:12:11,58.8300,17,1
2026-04-15,601318,14:12:14,58.8200,105,2
2026-04-15,601318,14:12:18,58.8300,30,1
2026-04-15,601318,14:12:20,58.8200,33,2
2026-04-15,601318,14:12:24,58.8200,16,2
2026-04-15,601318,14:12:27,58.8200,50,2
2026-04-15,601318,14:12:30,58.8200,26,2
2026-04-15,601318,14:12:32,58.8200,67,2
2026-04-15,601318,14:12:36,58.8300,126,1
2026-04-15,601318,14:12:38,58.8200,17,2
2026-04-15,601318,14:12:41,58.8300,20,1
2026-04-15,601318,14:12:44,58.8200,42,2
2026-04-15,601318,14:12:48,58.8200,7,2
2026-04-15,601318,14:12:51,58.8300,21,1
2026-04-15,601318,14:12:53,58.8300,28,1
2026-04-15,601318,14:12:57,58.8200,32,2
2026-04-15,601318,14:13:00,58.8300,9,1
2026-04-15,601318,14:13:02,58.8300,55,1
2026-04-15,601318,14:13:06,58.8300,135,1
2026-04-15,601318,14:13:09,58.8200,29,4
2026-04-15,601318,14:13:12,58.8200,9,1
2026-04-15,601318,14:13:15,58.8000,385,2
2026-04-15,601318,14:13:17,58.8000,70,1
2026-04-15,601318,14:13:21,58.7900,50,2
2026-04-15,601318,14:13:23,58.7900,156,2
2026-04-15,601318,14:13:27,58.8000,108,1
2026-04-15,601318,14:13:30,58.7800,94,2
2026-04-15,601318,14:13:33,58.7900,122,1
2026-04-15,601318,14:13:35,58.7900,64,2
2026-04-15,601318,14:13:38,58.7900,588,2
2026-04-15,601318,14:13:42,58.7900,47,2
2026-04-15,601318,14:13:45,58.8100,105,1
2026-04-15,601318,14:13:47,58.7800,58,2
2026-04-15,601318,14:13:50,58.8000,177,1
2026-04-15,601318,14:13:54,58.7900,35,2
2026-04-15,601318,14:13:57,58.7900,6,2
2026-04-15,601318,14:14:00,58.8000,2,1
2026-04-15,601318,14:14:02,58.7900,1,2
2026-04-15,601318,14:14:06,58.7900,19,2
2026-04-15,601318,14:14:08,58.7900,4,2
2026-04-15,601318,14:14:12,58.7900,18,2
2026-04-15,601318,14:14:15,58.7900,74,2
2026-04-15,601318,14:14:17,58.7900,21,2
2026-04-15,601318,14:14:21,58.7900,10,2
2026-04-15,601318,14:14:23,58.7900,105,2
2026-04-15,601318,14:14:26,58.7900,118,2
2026-04-15,601318,14:14:29,58.8000,102,1
2026-04-15,601318,14:14:33,58.8000,73,1
2026-04-15,601318,14:14:35,58.8100,136,1
2026-04-15,601318,14:14:39,58.7900,56,2
2026-04-15,601318,14:14:42,58.7900,37,2
2026-04-15,601318,14:14:44,58.7900,59,2
2026-04-15,601318,14:14:48,58.7900,39,2
2026-04-15,601318,14:14:50,58.8100,51,1
2026-04-15,601318,14:14:54,58.7900,33,2
2026-04-15,601318,14:14:56,58.7900,31,2
2026-04-15,601318,14:15:02,58.8000,111,1
2026-04-15,601318,14:15:05,58.7900,16,2
2026-04-15,601318,14:15:09,58.7900,2,2
2026-04-15,601318,14:15:15,58.7900,45,2
2026-04-15,601318,14:15:17,58.7900,15,2
2026-04-15,601318,14:15:21,58.8000,13,1
2026-04-15,601318,14:15:24,58.8000,35,1
2026-04-15,601318,14:15:27,58.7900,49,2
2026-04-15,601318,14:15:29,58.7900,5,1
2026-04-15,601318,14:15:33,58.7900,27,1
2026-04-15,601318,14:15:36,58.7900,89,1
2026-04-15,601318,14:15:38,58.7900,19,1
2026-04-15,601318,14:15:42,58.7800,16,2
2026-04-15,601318,14:15:45,58.7800,173,2
2026-04-15,601318,14:15:47,58.7700,2,4
2026-04-15,601318,14:15:50,58.7700,22,2
2026-04-15,601318,14:15:53,58.7700,26,4
2026-04-15,601318,14:15:57,58.7500,106,2
2026-04-15,601318,14:16:00,58.7500,29,2
2026-04-15,601318,14:16:03,58.7600,206,1
2026-04-15,601318,14:16:06,58.7500,40,1
2026-04-15,601318,14:16:09,58.7400,7,2
2026-04-15,601318,14:16:12,58.7400,6,2
2026-04-15,601318,14:16:15,58.7500,249,1
2026-04-15,601318,14:16:17,58.7500,363,1
2026-04-15,601318,14:16:20,58.7500,66,2
2026-04-15,601318,14:16:24,58.7600,150,1
2026-04-15,601318,14:16:27,58.7500,159,4
2026-04-15,601318,14:16:30,58.7500,21,1
2026-04-15,601318,14:16:33,58.7500,110,1
2026-04-15,601318,14:16:36,58.7400,37,2
2026-04-15,601318,14:16:39,58.7400,20,2
2026-04-15,601318,14:16:41,58.7500,108,1
2026-04-15,601318,14:16:44,58.7500,22,2
2026-04-15,601318,14:16:48,58.7400,394,2
2026-04-15,601318,14:16:51,58.7400,98,4
2026-04-15,601318,14:16:54,58.7200,4,2
2026-04-15,601318,14:16:57,58.7300,20,2
2026-04-15,601318,14:16:59,58.7300,45,2
2026-04-15,601318,14:17:02,58.7300,9,2
2026-04-15,601318,14:17:06,58.7300,38,2
2026-04-15,601318,14:17:08,58.7100,248,2
2026-04-15,601318,14:17:12,58.7200,2,4
2026-04-15,601318,14:17:15,58.7200,12,1
2026-04-15,601318,14:17:18,58.7200,30,1
2026-04-15,601318,14:17:21,58.7200,132,1
2026-04-15,601318,14:17:24,58.7200,13,2
2026-04-15,601318,14:17:26,58.7300,34,1
2026-04-15,601318,14:17:29,58.7200,98,1
2026-04-15,601318,14:17:32,58.7300,119,1
2026-04-15,601318,14:17:36,58.7200,140,2
2026-04-15,601318,14:17:38,58.7300,3,1
2026-04-15,601318,14:17:42,58.7200,5,2
2026-04-15,601318,14:17:44,58.7200,39,2
2026-04-15,601318,14:17:47,58.7200,50,2
2026-04-15,601318,14:17:50,58.7200,9,2
2026-04-15,601318,14:17:53,58.7200,23,2
2026-04-15,601318,14:17:57,58.7200,33,2
2026-04-15,601318,14:18:00,58.7200,141,2
2026-04-15,601318,14:18:03,58.7300,21,1
2026-04-15,601318,14:18:06,58.7400,714,1
2026-04-15,601318,14:18:08,58.7700,45,1
2026-04-15,601318,14:18:11,58.7800,25,1
2026-04-15,601318,14:18:15,58.7900,74,1
2026-04-15,601318,14:18:18,58.7900,192,1
2026-04-15,601318,14:18:20,58.7900,214,2
2026-04-15,601318,14:18:24,58.7900,14,2
2026-04-15,601318,14:18:26,58.7900,111,2
2026-04-15,601318,14:18:29,58.7900,4,1
2026-04-15,601318,14:18:32,58.7800,60,2
2026-04-15,601318,14:18:35,58.7800,35,2
2026-04-15,601318,14:18:38,58.7900,14,1
2026-04-15,601318,14:18:42,58.7800,58,2
2026-04-15,601318,14:18:45,58.7900,31,1
2026-04-15,601318,14:18:48,58.7900,30,1
2026-04-15,601318,14:18:51,58.7900,19,1
2026-04-15,601318,14:18:53,58.7900,106,1
2026-04-15,601318,14:18:57,58.8000,56,1
2026-04-15,601318,14:19:00,58.8000,16,1
2026-04-15,601318,14:19:03,58.7900,51,2
2026-04-15,601318,14:19:06,58.8000,21,1
2026-04-15,601318,14:19:08,58.7900,1,2
2026-04-15,601318,14:19:12,58.8000,25,1
2026-04-15,601318,14:19:15,58.8000,9,1
2026-04-15,601318,14:19:18,58.8000,17,1
2026-04-15,601318,14:19:20,58.7900,112,2
2026-04-15,601318,14:19:24,58.8000,1,1
2026-04-15,601318,14:19:27,58.7900,72,2
2026-04-15,601318,14:19:29,58.7900,82,2
2026-04-15,601318,14:19:32,58.8000,14,1
2026-04-15,601318,14:19:36,58.8000,3,1
2026-04-15,601318,14:19:39,58.8000,2,1
2026-04-15,601318,14:19:45,58.8000,22,1
2026-04-15,601318,14:19:48,58.8000,7,1
2026-04-15,601318,14:19:50,58.7900,10,2
2026-04-15,601318,14:19:53,58.7900,196,2
2026-04-15,601318,14:19:57,58.7900,269,2
2026-04-15,601318,14:20:00,58.8000,356,1
2026-04-15,601318,14:20:03,58.7900,42,2
2026-04-15,601318,14:20:05,58.7900,24,2
2026-04-15,601318,14:20:08,58.7900,41,2
2026-04-15,601318,14:20:12,58.7900,24,2
2026-04-15,601318,14:20:15,58.7900,25,2
2026-04-15,601318,14:20:17,58.7900,43,2
2026-04-15,601318,14:20:21,58.8000,199,1
2026-04-15,601318,14:20:23,58.8000,17,1
2026-04-15,601318,14:20:27,58.8000,455,1
2026-04-15,601318,14:20:29,58.8000,152,2
2026-04-15,601318,14:20:32,58.8200,77,1
2026-04-15,601318,14:20:36,58.8100,12,2
2026-04-15,601318,14:20:38,58.8100,7,2
2026-04-15,601318,14:20:42,58.8200,30,1
2026-04-15,601318,14:20:44,58.8100,9,2
2026-04-15,601318,14:20:48,58.8100,23,2
2026-04-15,601318,14:20:51,58.8200,117,1
2026-04-15,601318,14:20:53,58.8200,12,1
2026-04-15,601318,14:20:57,58.8200,21,1
2026-04-15,601318,14:21:00,58.8200,54,1
2026-04-15,601318,14:21:03,58.8200,21,1
2026-04-15,601318,14:21:05,58.8200,47,1
2026-04-15,601318,14:21:09,58.8200,24,1
2026-04-15,601318,14:21:12,58.8200,4,1
2026-04-15,601318,14:21:15,58.8100,88,2
2026-04-15,601318,14:21:17,58.8000,448,2
2026-04-15,601318,14:21:21,58.8000,137,1
2026-04-15,601318,14:21:24,58.8000,95,1
2026-04-15,601318,14:21:27,58.8000,68,1
2026-04-15,601318,14:21:30,58.7900,14,2
2026-04-15,601318,14:21:33,58.8000,3,1
2026-04-15,601318,14:21:35,58.8000,3,1
2026-04-15,601318,14:21:38,58.7900,37,2
2026-04-15,601318,14:21:41,58.7900,4,2
2026-04-15,601318,14:21:45,58.7900,30,2
2026-04-15,601318,14:21:48,58.8000,17,1
2026-04-15,601318,14:21:50,58.8000,32,1
2026-04-15,601318,14:21:54,58.7900,17,2
2026-04-15,601318,14:21:57,58.7900,54,2
2026-04-15,601318,14:22:00,58.8000,24,1
2026-04-15,601318,14:22:02,58.8000,14,1
2026-04-15,601318,14:22:05,58.8000,24,1
2026-04-15,601318,14:22:09,58.8000,10,1
2026-04-15,601318,14:22:12,58.8000,9,1
2026-04-15,601318,14:22:15,58.8000,22,1
2026-04-15,601318,14:22:17,58.7900,1,2
2026-04-15,601318,14:22:20,58.8000,1,1
2026-04-15,601318,14:22:24,58.8000,7,1
2026-04-15,601318,14:22:27,58.7900,13,2
2026-04-15,601318,14:22:30,58.7900,6,2
2026-04-15,601318,14:22:32,58.7900,78,2
2026-04-15,601318,14:22:36,58.7900,180,2
2026-04-15,601318,14:22:39,58.7900,98,2
2026-04-15,601318,14:22:42,58.8000,190,1
2026-04-15,601318,14:22:45,58.7800,34,2
2026-04-15,601318,14:22:48,58.7800,69,2
2026-04-15,601318,14:22:50,58.7900,69,1
2026-04-15,601318,14:22:54,58.7900,66,1
2026-04-15,601318,14:22:56,58.7800,105,2
2026-04-15,601318,14:22:59,58.7900,22,1
2026-04-15,601318,14:23:03,58.7900,127,1
2026-04-15,601318,14:23:06,58.7900,24,1
2026-04-15,601318,14:23:08,58.7900,29,1
2026-04-15,601318,14:23:12,58.7900,62,1
2026-04-15,601318,14:23:14,58.7900,164,1
2026-04-15,601318,14:23:18,58.7900,118,2
2026-04-15,601318,14:23:20,58.8000,395,1
2026-04-15,601318,14:23:24,58.8000,67,2
2026-04-15,601318,14:23:27,58.8000,126,2
2026-04-15,601318,14:23:29,58.8100,95,1
2026-04-15,601318,14:23:32,58.8100,60,1
2026-04-15,601318,14:23:36,58.8100,113,1
2026-04-15,601318,14:23:38,58.8100,31,2
2026-04-15,601318,14:23:42,58.8200,60,1
2026-04-15,601318,14:23:45,58.8100,16,2
2026-04-15,601318,14:23:47,58.8100,32,2
2026-04-15,601318,14:23:50,58.8100,16,2
2026-04-15,601318,14:23:54,58.8100,2,2
2026-04-15,601318,14:23:56,58.8100,215,2
2026-04-15,601318,14:24:00,58.8100,8,2
2026-04-15,601318,14:24:02,58.8100,105,1
2026-04-15,601318,14:24:05,58.8200,100,1
2026-04-15,601318,14:24:09,58.8200,50,1
2026-04-15,601318,14:24:12,58.8200,31,1
2026-04-15,601318,14:24:14,58.8100,96,2
2026-04-15,601318,14:24:18,58.8200,30,1
2026-04-15,601318,14:24:20,58.8300,95,1
2026-04-15,601318,14:24:24,58.8300,12,1
2026-04-15,601318,14:24:26,58.8400,131,1
2026-04-15,601318,14:24:30,58.8300,35,2
2026-04-15,601318,14:24:33,58.8400,50,1
2026-04-15,601318,14:24:36,58.8400,134,2
2026-04-15,601318,14:24:39,58.8500,95,1
2026-04-15,601318,14:24:42,58.8500,89,1
2026-04-15,601318,14:24:44,58.8400,123,1
2026-04-15,601318,14:24:47,58.8300,78,2
2026-04-15,601318,14:24:51,58.8300,27,2
2026-04-15,601318,14:24:54,58.8300,18,2
2026-04-15,601318,14:24:56,58.8400,31,1
2026-04-15,601318,14:25:00,58.8400,47,1
2026-04-15,601318,14:25:03,58.8300,31,2
2026-04-15,601318,14:25:06,58.8400,98,1
2026-04-15,601318,14:25:09,58.8400,75,1
2026-04-15,601318,14:25:12,58.8400,38,1
2026-04-15,601318,14:25:15,58.8300,108,2
2026-04-15,601318,14:25:18,58.8100,401,2
2026-04-15,601318,14:25:21,58.8100,337,2
2026-04-15,601318,14:25:23,58.7800,918,2
2026-04-15,601318,14:25:27,58.7700,221,2
2026-04-15,601318,14:25:30,58.7700,44,1
2026-04-15,601318,14:25:32,58.7800,15,1
2026-04-15,601318,14:25:35,58.7800,15,1
2026-04-15,601318,14:25:39,58.7800,44,1
2026-04-15,601318,14:25:41,58.7800,51,1
2026-04-15,601318,14:25:45,58.7800,28,2
2026-04-15,601318,14:25:47,58.8000,90,1
2026-04-15,601318,14:25:51,58.7900,45,4
2026-04-15,601318,14:25:54,58.7900,131,2
2026-04-15,601318,14:25:56,58.8000,218,1
2026-04-15,601318,14:25:59,58.7900,55,2
2026-04-15,601318,14:26:02,58.8000,125,1
2026-04-15,601318,14:26:05,58.8100,113,1
2026-04-15,601318,14:26:08,58.8000,25,2
2026-04-15,601318,14:26:12,58.8100,17,1
2026-04-15,601318,14:26:15,58.8000,47,2
2026-04-15,601318,14:26:18,58.8000,117,2
2026-04-15,601318,14:26:20,58.8100,43,1
2026-04-15,601318,14:26:23,58.8200,93,1
2026-04-15,601318,14:26:27,58.8200,71,2
2026-04-15,601318,14:26:29,58.8300,89,1
2026-04-15,601318,14:26:33,58.8300,11,2
2026-04-15,601318,14:26:36,58.8400,20,1
2026-04-15,601318,14:26:38,58.8300,2,2
2026-04-15,601318,14:26:42,58.8400,57,1
2026-04-15,601318,14:26:44,58.8400,43,1
2026-04-15,601318,14:26:48,58.8400,211,1
2026-04-15,601318,14:26:51,58.8300,71,2
2026-04-15,601318,14:26:54,58.8300,25,2
2026-04-15,601318,14:26:57,58.8400,48,1
2026-04-15,601318,14:26:59,58.8400,73,1
2026-04-15,601318,14:27:02,58.8400,79,1
2026-04-15,601318,14:27:06,58.8400,27,2
2026-04-15,601318,14:27:09,58.8400,119,2
2026-04-15,601318,14:27:12,58.8300,97,2
2026-04-15,601318,14:27:14,58.8400,25,2
2026-04-15,601318,14:27:18,58.8400,74,2
2026-04-15,601318,14:27:21,58.8300,45,2
2026-04-15,601318,14:27:24,58.8500,103,1
2026-04-15,601318,14:27:27,58.8300,148,2
2026-04-15,601318,14:27:29,58.8300,97,2
2026-04-15,601318,14:27:33,58.8300,37,2
2026-04-15,601318,14:27:36,58.8500,152,1
2026-04-15,601318,14:27:38,58.8500,47,1
2026-04-15,601318,14:27:41,58.8400,12,2
2026-04-15,601318,14:27:44,58.8500,28,1
2026-04-15,601318,14:27:48,58.8600,139,1
2026-04-15,601318,14:27:50,58.8500,173,2
2026-04-15,601318,14:27:54,58.8700,10,1
2026-04-15,601318,14:27:56,58.8700,87,1
2026-04-15,601318,14:27:59,58.8600,11,4
2026-04-15,601318,14:28:02,58.8700,20,1
2026-04-15,601318,14:28:05,58.8700,36,1
2026-04-15,601318,14:28:08,58.8600,20,2
2026-04-15,601318,14:28:12,58.8600,31,2
2026-04-15,601318,14:28:14,58.8700,57,1
2026-04-15,601318,14:28:18,58.8700,72,1
2026-04-15,601318,14:28:20,58.8700,128,1
2026-04-15,601318,14:28:24,58.8700,32,1
2026-04-15,601318,14:28:27,58.8600,49,2
2026-04-15,601318,14:28:30,58.8600,22,2
2026-04-15,601318,14:28:33,58.8700,23,1
2026-04-15,601318,14:28:35,58.8700,60,1
2026-04-15,601318,14:28:39,58.8700,14,1
2026-04-15,601318,14:28:42,58.8700,67,1
2026-04-15,601318,14:28:45,58.8700,5,1
2026-04-15,601318,14:28:47,58.8600,57,2
2026-04-15,601318,14:28:50,58.8700,44,1
2026-04-15,601318,14:28:54,58.8600,28,2
2026-04-15,601318,14:28:56,58.8700,16,1
2026-04-15,601318,14:28:59,58.8700,43,1
2026-04-15,601318,14:29:03,58.8700,144,1
2026-04-15,601318,14:29:06,58.8700,30,1
2026-04-15,601318,14:29:09,58.8700,68,1
2026-04-15,601318,14:29:12,58.8700,293,1
2026-04-15,601318,14:29:14,58.8600,73,2
2026-04-15,601318,14:29:17,58.8700,362,1
2026-04-15,601318,14:29:21,58.8600,99,1
2026-04-15,601318,14:29:23,58.8600,45,1
2026-04-15,601318,14:29:27,58.8600,190,2
2026-04-15,601318,14:29:29,58.8500,28,1
2026-04-15,601318,14:29:32,58.8600,12,1
2026-04-15,601318,14:29:36,58.8600,15,1
2026-04-15,601318,14:29:38,58.8500,182,2
2026-04-15,601318,14:29:42,58.8500,35,1
2026-04-15,601318,14:29:44,58.8500,69,2
2026-04-15,601318,14:29:47,58.8500,485,2
2026-04-15,601318,14:29:50,58.8500,162,1
2026-04-15,601318,14:29:54,58.8500,70,2
2026-04-15,601318,14:29:56,58.8500,157,2
2026-04-15,601318,14:30:00,58.8500,10,2
2026-04-15,601318,14:30:03,58.8500,19,2
2026-04-15,601318,14:30:05,58.8500,48,2
2026-04-15,601318,14:30:08,58.8500,23,2
2026-04-15,601318,14:30:11,58.8200,41,2
2026-04-15,601318,14:30:14,58.8400,35,1
2026-04-15,601318,14:30:18,58.8100,114,2
2026-04-15,601318,14:30:20,58.8100,62,1
2026-04-15,601318,14:30:24,58.8100,7,1
2026-04-15,601318,14:30:26,58.8100,98,1
2026-04-15,601318,14:30:29,58.8100,77,1
2026-04-15,601318,14:30:33,58.8200,31,1
2026-04-15,601318,14:30:35,58.8200,9,1
2026-04-15,601318,14:30:38,58.8200,38,1
2026-04-15,601318,14:30:41,58.8200,27,1
2026-04-15,601318,14:30:44,58.8200,20,1
2026-04-15,601318,14:30:47,58.8200,97,1
2026-04-15,601318,14:30:51,58.8200,69,1
2026-04-15,601318,14:30:54,58.8000,553,2
2026-04-15,601318,14:30:57,58.7800,325,2
2026-04-15,601318,14:30:59,58.7700,184,2
2026-04-15,601318,14:31:02,58.7800,182,1
2026-04-15,601318,14:31:06,58.7800,105,2
2026-04-15,601318,14:31:09,58.7800,32,2
2026-04-15,601318,14:31:14,58.7800,188,2
2026-04-15,601318,14:31:18,58.7600,114,1
2026-04-15,601318,14:31:20,58.7700,13,1
2026-04-15,601318,14:31:23,58.7600,68,2
2026-04-15,601318,14:31:26,58.7600,101,2
2026-04-15,601318,14:31:30,58.7600,80,2
2026-04-15,601318,14:31:33,58.7700,3,1
2026-04-15,601318,14:31:36,58.7600,22,2
2026-04-15,601318,14:31:39,58.7700,172,1
2026-04-15,601318,14:31:41,58.7700,104,1
2026-04-15,601318,14:31:44,58.7600,4,4
2026-04-15,601318,14:31:47,58.7800,115,1
2026-04-15,601318,14:31:50,58.7800,22,2
2026-04-15,601318,14:31:53,58.7800,102,2
2026-04-15,601318,14:31:57,58.7800,21,2
2026-04-15,601318,14:32:00,58.7700,125,2
2026-04-15,601318,14:32:02,58.7900,50,1
2026-04-15,601318,14:32:05,58.7800,106,2
2026-04-15,601318,14:32:08,58.7800,4,1
2026-04-15,601318,14:32:12,58.7700,32,2
2026-04-15,601318,14:32:14,58.7700,9,2
2026-04-15,601318,14:32:18,58.7800,4,1
2026-04-15,601318,14:32:21,58.7800,19,1
2026-04-15,601318,14:32:24,58.7800,7,1
2026-04-15,601318,14:32:27,58.7700,17,2
2026-04-15,601318,14:32:30,58.7700,18,2
2026-04-15,601318,14:32:33,58.7800,112,1
2026-04-15,601318,14:32:35,58.7800,38,2
2026-04-15,601318,14:32:38,58.7800,8,1
2026-04-15,601318,14:32:42,58.7800,67,1
2026-04-15,601318,14:32:45,58.7700,51,2
2026-04-15,601318,14:32:48,58.7800,58,1
2026-04-15,601318,14:32:50,58.7700,98,2
2026-04-15,601318,14:32:54,58.7800,130,2
2026-04-15,601318,14:32:56,58.7800,5,2
2026-04-15,601318,14:33:00,58.7800,1,2
2026-04-15,601318,14:33:02,58.7800,6,2
2026-04-15,601318,14:33:06,58.7900,154,1
2026-04-15,601318,14:33:08,58.7900,45,1
2026-04-15,601318,14:33:11,58.8000,98,1
2026-04-15,601318,14:33:15,58.7900,26,2
2026-04-15,601318,14:33:18,58.8000,3,1
2026-04-15,601318,14:33:21,58.8000,143,1
2026-04-15,601318,14:33:24,58.8100,140,1
2026-04-15,601318,14:33:27,58.8100,46,1
2026-04-15,601318,14:33:29,58.8000,25,2
2026-04-15,601318,14:33:33,58.8100,61,1
2026-04-15,601318,14:33:35,58.8100,77,1
2026-04-15,601318,14:33:39,58.8100,61,2
2026-04-15,601318,14:33:42,58.8100,902,1
2026-04-15,601318,14:33:44,58.7900,25,2
2026-04-15,601318,14:33:47,58.7900,70,2
2026-04-15,601318,14:33:50,58.8000,76,1
2026-04-15,601318,14:33:53,58.8100,83,1
2026-04-15,601318,14:33:56,58.8100,216,1
2026-04-15,601318,14:34:00,58.8100,37,2
2026-04-15,601318,14:34:03,58.8100,54,2
2026-04-15,601318,14:34:06,58.8100,63,2
2026-04-15,601318,14:34:09,58.8000,190,2
2026-04-15,601318,14:34:11,58.8100,66,1
2026-04-15,601318,14:34:14,58.7900,7,2
2026-04-15,601318,14:34:17,58.8000,14,1
2026-04-15,601318,14:34:20,58.8000,1,1
2026-04-15,601318,14:34:23,58.8000,82,1
2026-04-15,601318,14:34:27,58.8000,252,2
2026-04-15,601318,14:34:29,58.8000,12,2
2026-04-15,601318,14:34:33,58.8000,53,2
2026-04-15,601318,14:34:35,58.8000,11,2
2026-04-15,601318,14:34:39,58.8000,53,2
2026-04-15,601318,14:34:41,58.7900,999,2
2026-04-15,601318,14:34:44,58.8000,952,1
2026-04-15,601318,14:34:47,58.7900,122,2
2026-04-15,601318,14:34:50,58.7900,13,2
2026-04-15,601318,14:34:54,58.7800,69,2
2026-04-15,601318,14:34:57,58.7900,83,1
2026-04-15,601318,14:34:59,58.8000,228,1
2026-04-15,601318,14:35:02,58.8000,23,2
2026-04-15,601318,14:35:05,58.8000,46,2
2026-04-15,601318,14:35:09,58.7900,128,2
2026-04-15,601318,14:35:11,58.7800,13,2
2026-04-15,601318,14:35:14,58.7800,9,2
2026-04-15,601318,14:35:18,58.7800,13,2
2026-04-15,601318,14:35:21,58.7800,11,2
2026-04-15,601318,14:35:23,58.7900,47,1
2026-04-15,601318,14:35:27,58.7800,27,2
2026-04-15,601318,14:35:29,58.7800,50,2
2026-04-15,601318,14:35:33,58.7700,63,2
2026-04-15,601318,14:35:35,58.7800,139,4
2026-04-15,601318,14:35:38,58.7800,145,2
2026-04-15,601318,14:35:41,58.7800,62,2
2026-04-15,601318,14:35:44,58.7800,26,2
2026-04-15,601318,14:35:48,58.7800,84,2
2026-04-15,601318,14:35:50,58.7800,74,2
2026-04-15,601318,14:35:54,58.7800,93,2
2026-04-15,601318,14:35:57,58.7800,43,2
2026-04-15,601318,14:35:59,58.7800,79,2
2026-04-15,601318,14:36:03,58.7800,179,2
2026-04-15,601318,14:36:06,58.8000,132,1
2026-04-15,601318,14:36:09,58.8100,267,1
2026-04-15,601318,14:36:12,58.8400,107,1
2026-04-15,601318,14:36:15,58.8400,165,1
2026-04-15,601318,14:36:18,58.8400,92,1
2026-04-15,601318,14:36:20,58.8400,71,1
2026-04-15,601318,14:36:23,58.8400,18,1
2026-04-15,601318,14:36:27,58.8200,26,2
2026-04-15,601318,14:36:30,58.8300,41,1
2026-04-15,601318,14:36:33,58.8100,124,2
2026-04-15,601318,14:36:36,58.8100,49,2
2026-04-15,601318,14:36:38,58.8000,81,2
2026-04-15,601318,14:36:42,58.8100,8,1
2026-04-15,601318,14:36:45,58.8100,18,4
2026-04-15,601318,14:36:48,58.8200,30,1
2026-04-15,601318,14:36:50,58.8100,8,2
2026-04-15,601318,14:36:53,58.8100,41,2
2026-04-15,601318,14:36:57,58.8100,59,2
2026-04-15,601318,14:37:00,58.8000,25,2
2026-04-15,601318,14:37:02,58.8100,12,1
2026-04-15,601318,14:37:06,58.8000,17,2
2026-04-15,601318,14:37:09,58.7800,302,2
2026-04-15,601318,14:37:12,58.7700,406,2
2026-04-15,601318,14:37:15,58.7700,28,1
2026-04-15,601318,14:37:18,58.7700,7,2
2026-04-15,601318,14:37:20,58.7700,2,1
2026-04-15,601318,14:37:24,58.7600,60,2
2026-04-15,601318,14:37:27,58.7700,40,1
2026-04-15,601318,14:37:29,58.7600,16,2
2026-04-15,601318,14:37:32,58.7600,26,2
2026-04-15,601318,14:37:36,58.7700,9,1
2026-04-15,601318,14:37:39,58.7600,71,2
2026-04-15,601318,14:37:42,58.7700,19,1
2026-04-15,601318,14:37:45,58.7600,70,2
2026-04-15,601318,14:37:48,58.7700,18,1
2026-04-15,601318,14:37:50,58.7700,33,1
2026-04-15,601318,14:37:54,58.7600,222,2
2026-04-15,601318,14:37:57,58.7600,9,1
2026-04-15,601318,14:38:00,58.7500,94,2
2026-04-15,601318,14:38:02,58.7600,42,1
2026-04-15,601318,14:38:06,58.7500,19,2
2026-04-15,601318,14:38:08,58.7600,28,1
2026-04-15,601318,14:38:12,58.7500,99,2
2026-04-15,601318,14:38:15,58.7600,64,1
2026-04-15,601318,14:38:18,58.7600,217,1
2026-04-15,601318,14:38:20,58.7600,45,1
2026-04-15,601318,14:38:23,58.7700,82,1
2026-04-15,601318,14:38:26,58.7700,85,1
2026-04-15,601318,14:38:30,58.7600,9,2
2026-04-15,601318,14:38:33,58.7800,109,1
2026-04-15,601318,14:38:36,58.7700,51,4
2026-04-15,601318,14:38:38,58.7600,21,2
2026-04-15,601318,14:38:41,58.7700,40,1
2026-04-15,601318,14:38:44,58.7700,2,1
2026-04-15,601318,14:38:48,58.7600,3,2
2026-04-15,601318,14:38:50,58.7600,15,2
2026-04-15,601318,14:38:54,58.7600,23,2
2026-04-15,601318,14:38:56,58.7600,5,2
2026-04-15,601318,14:38:59,58.7600,46,2
2026-04-15,601318,14:39:02,58.7700,70,1
2026-04-15,601318,14:39:06,58.7600,12,2
2026-04-15,601318,14:39:08,58.7700,9,1
2026-04-15,601318,14:39:11,58.7600,42,2
2026-04-15,601318,14:39:15,58.7600,180,2
2026-04-15,601318,14:39:18,58.7700,41,1
2026-04-15,601318,14:39:20,58.7900,215,1
2026-04-15,601318,14:39:24,58.7700,126,2
2026-04-15,601318,14:39:27,58.7700,25,2
2026-04-15,601318,14:39:30,58.7800,24,2
2026-04-15,601318,14:39:33,58.7700,115,2
2026-04-15,601318,14:39:36,58.7500,784,2
2026-04-15,601318,14:39:39,58.7500,81,1
2026-04-15,601318,14:39:41,58.7500,108,2
2026-04-15,601318,14:39:44,58.7500,160,2
2026-04-15,601318,14:39:48,58.7500,391,2
2026-04-15,601318,14:39:51,58.7600,162,1
2026-04-15,601318,14:39:54,58.7600,456,1
2026-04-15,601318,14:39:57,58.7600,118,2
2026-04-15,601318,14:40:00,58.7600,68,2
2026-04-15,601318,14:40:03,58.7600,335,1
2026-04-15,601318,14:40:06,58.7700,108,1
2026-04-15,601318,14:40:09,58.7400,88,2
2026-04-15,601318,14:40:12,58.7500,35,2
2026-04-15,601318,14:40:15,58.7500,95,2
2026-04-15,601318,14:40:18,58.7500,23,1
2026-04-15,601318,14:40:21,58.7500,24,1
2026-04-15,601318,14:40:23,58.7300,103,2
2026-04-15,601318,14:40:27,58.7400,38,1
2026-04-15,601318,14:40:30,58.7400,18,2
2026-04-15,601318,14:40:33,58.7400,162,2
2026-04-15,601318,14:40:36,58.7400,31,1
2026-04-15,601318,14:40:38,58.7400,50,1
2026-04-15,601318,14:40:42,58.7400,17,1
2026-04-15,601318,14:40:44,58.7400,81,1
2026-04-15,601318,14:40:48,58.7400,36,1
2026-04-15,601318,14:40:51,58.7400,17,1
2026-04-15,601318,14:40:54,58.7400,153,1
2026-04-15,601318,14:40:57,58.7400,94,1
2026-04-15,601318,14:41:00,58.7400,69,1
2026-04-15,601318,14:41:03,58.7300,32,2
2026-04-15,601318,14:41:05,58.7300,32,2
2026-04-15,601318,14:41:08,58.7300,20,2
2026-04-15,601318,14:41:12,58.7300,24,2
2026-04-15,601318,14:41:15,58.7300,10,2
2026-04-15,601318,14:41:18,58.7300,8,2
2026-04-15,601318,14:41:21,58.7300,11,2
2026-04-15,601318,14:41:23,58.7300,73,2
2026-04-15,601318,14:41:26,58.7300,114,2
2026-04-15,601318,14:41:29,58.7300,22,2
2026-04-15,601318,14:41:33,58.7300,12,2
2026-04-15,601318,14:41:36,58.7300,28,2
2026-04-15,601318,14:41:39,58.7400,185,1
2026-04-15,601318,14:41:41,58.7300,41,1
2026-04-15,601318,14:41:45,58.7300,13,1
2026-04-15,601318,14:41:48,58.7200,109,2
2026-04-15,601318,14:41:51,58.7200,29,2
2026-04-15,601318,14:41:54,58.7300,48,1
2026-04-15,601318,14:41:56,58.7200,77,2
2026-04-15,601318,14:42:00,58.7200,56,2
2026-04-15,601318,14:42:02,58.7200,63,2
2026-04-15,601318,14:42:05,58.7100,359,2
2026-04-15,601318,14:42:08,58.7100,74,2
2026-04-15,601318,14:42:12,58.7100,7,2
2026-04-15,601318,14:42:15,58.7100,38,2
2026-04-15,601318,14:42:18,58.7100,69,2
2026-04-15,601318,14:42:20,58.7200,30,1
2026-04-15,601318,14:42:23,58.7200,42,1
2026-04-15,601318,14:42:27,58.7100,53,2
2026-04-15,601318,14:42:30,58.7100,11,2
2026-04-15,601318,14:42:32,58.7200,77,1
2026-04-15,601318,14:42:36,58.7100,250,2
2026-04-15,601318,14:42:38,58.7200,70,1
2026-04-15,601318,14:42:41,58.7100,75,2
2026-04-15,601318,14:42:45,58.7200,241,1
2026-04-15,601318,14:42:48,58.7100,95,2
2026-04-15,601318,14:42:50,58.7100,118,2
2026-04-15,601318,14:42:53,58.7300,113,1
2026-04-15,601318,14:42:57,58.7300,394,1
2026-04-15,601318,14:43:00,58.7800,202,1
2026-04-15,601318,14:43:03,58.7600,99,1
2026-04-15,601318,14:43:06,58.7700,163,1
2026-04-15,601318,14:43:08,58.7800,157,1
2026-04-15,601318,14:43:11,58.7700,64,2
2026-04-15,601318,14:43:15,58.7700,62,2
2026-04-15,601318,14:43:18,58.7800,98,1
2026-04-15,601318,14:43:20,58.7700,159,2
2026-04-15,601318,14:43:24,58.7700,33,1
2026-04-15,601318,14:43:27,58.7700,9,1
2026-04-15,601318,14:43:29,58.7600,32,2
2026-04-15,601318,14:43:33,58.7600,21,2
2026-04-15,601318,14:43:35,58.7700,20,1
2026-04-15,601318,14:43:38,58.7700,62,1
2026-04-15,601318,14:43:41,58.7700,16,2
2026-04-15,601318,14:43:44,58.7500,141,2
2026-04-15,601318,14:43:47,58.7600,12,4
2026-04-15,601318,14:43:50,58.7500,263,2
2026-04-15,601318,14:43:53,58.7500,41,2
2026-04-15,601318,14:43:57,58.7700,43,1
2026-04-15,601318,14:44:00,58.7600,54,2
2026-04-15,601318,14:44:02,58.7500,101,2
2026-04-15,601318,14:44:06,58.7600,64,1
2026-04-15,601318,14:44:09,58.7600,43,1
2026-04-15,601318,14:44:12,58.7700,77,1
2026-04-15,601318,14:44:14,58.7500,40,2
2026-04-15,601318,14:44:17,58.7600,12,4
2026-04-15,601318,14:44:21,58.7600,13,4
2026-04-15,601318,14:44:24,58.7500,197,2
2026-04-15,601318,14:44:27,58.7500,206,1
2026-04-15,601318,14:44:30,58.7500,174,1
2026-04-15,601318,14:44:32,58.7600,103,1
2026-04-15,601318,14:44:36,58.7600,27,1
2026-04-15,601318,14:44:38,58.7500,19,2
2026-04-15,601318,14:44:42,58.7600,84,1
2026-04-15,601318,14:44:45,58.7500,28,2
2026-04-15,601318,14:44:47,58.7500,114,2
2026-04-15,601318,14:44:51,58.7500,9,2
2026-04-15,601318,14:44:54,58.7500,16,2
2026-04-15,601318,14:44:56,58.7500,7,2
2026-04-15,601318,14:44:59,58.7500,96,2
2026-04-15,601318,14:45:03,58.7500,108,2
2026-04-15,601318,14:45:06,58.7500,46,2
2026-04-15,601318,14:45:09,58.7400,45,2
2026-04-15,601318,14:45:12,58.7500,25,1
2026-04-15,601318,14:45:15,58.7700,367,1
2026-04-15,601318,14:45:18,58.7600,29,2
2026-04-15,601318,14:45:21,58.7600,65,1
2026-04-15,601318,14:45:24,58.7700,44,1
2026-04-15,601318,14:45:27,58.7600,1340,2
2026-04-15,601318,14:45:29,58.7700,65,2
2026-04-15,601318,14:45:32,58.7500,204,2
2026-04-15,601318,14:45:36,58.7600,20,2
2026-04-15,601318,14:45:41,58.7700,98,1
2026-04-15,601318,14:45:45,58.7800,15,1
2026-04-15,601318,14:45:48,58.8000,129,1
2026-04-15,601318,14:45:50,58.8000,168,1
2026-04-15,601318,14:45:53,58.7900,22,2
2026-04-15,601318,14:45:57,58.7800,4,2
2026-04-15,601318,14:46:00,58.7900,9,1
2026-04-15,601318,14:46:02,58.7800,70,2
2026-04-15,601318,14:46:05,58.8000,344,1
2026-04-15,601318,14:46:08,58.7700,197,2
2026-04-15,601318,14:46:12,58.7700,41,1
2026-04-15,601318,14:46:14,58.7700,49,1
2026-04-15,601318,14:46:18,58.7600,209,2
2026-04-15,601318,14:46:20,58.7700,27,4
2026-04-15,601318,14:46:24,58.7700,150,2
2026-04-15,601318,14:46:27,58.7700,147,2
2026-04-15,601318,14:46:29,58.7700,14,1
2026-04-15,601318,14:46:33,58.7700,93,1
2026-04-15,601318,14:46:36,58.7700,18,1
2026-04-15,601318,14:46:39,58.7700,30,1
2026-04-15,601318,14:46:41,58.7700,35,1
2026-04-15,601318,14:46:44,58.7700,271,1
2026-04-15,601318,14:46:48,58.7800,19,1
2026-04-15,601318,14:46:50,58.7700,34,2
2026-04-15,601318,14:46:54,58.7800,64,1
2026-04-15,601318,14:46:57,58.7800,79,1
2026-04-15,601318,14:46:59,58.7800,18,1
2026-04-15,601318,14:47:02,58.7800,133,1
2026-04-15,601318,14:47:06,58.7800,47,1
2026-04-15,601318,14:47:08,58.7800,46,1
2026-04-15,601318,14:47:11,58.7800,315,1
2026-04-15,601318,14:47:14,58.7700,188,2
2026-04-15,601318,14:47:17,58.7800,93,1
2026-04-15,601318,14:47:20,58.7700,173,2
2026-04-15,601318,14:47:23,58.7700,411,2
2026-04-15,601318,14:47:27,58.7700,69,1
2026-04-15,601318,14:47:29,58.7600,6,2
2026-04-15,601318,14:47:33,58.7700,62,1
2026-04-15,601318,14:47:36,58.7700,59,1
2026-04-15,601318,14:47:39,58.7700,28,1
2026-04-15,601318,14:47:42,58.7700,36,1
2026-04-15,601318,14:47:45,58.7700,73,1
2026-04-15,601318,14:47:48,58.7700,53,1
2026-04-15,601318,14:47:51,58.7700,89,1
2026-04-15,601318,14:47:53,58.7700,30,2
2026-04-15,601318,14:47:57,58.7900,214,1
2026-04-15,601318,14:47:59,58.8000,301,1
2026-04-15,601318,14:48:03,58.8000,251,1
2026-04-15,601318,14:48:06,58.8000,121,1
2026-04-15,601318,14:48:09,58.7900,265,2
2026-04-15,601318,14:48:12,58.7900,751,1
2026-04-15,601318,14:48:15,58.7600,102,2
2026-04-15,601318,14:48:17,58.7800,18,1
2026-04-15,601318,14:48:21,58.7700,120,2
2026-04-15,601318,14:48:24,58.7700,70,2
2026-04-15,601318,14:48:27,58.7700,63,2
2026-04-15,601318,14:48:30,58.7700,108,2
2026-04-15,601318,14:48:32,58.7700,50,1
2026-04-15,601318,14:48:35,58.7700,146,1
2026-04-15,601318,14:48:38,58.7700,68,1
2026-04-15,601318,14:48:41,58.7700,12,1
2026-04-15,601318,14:48:44,58.7700,113,1
2026-04-15,601318,14:48:48,58.7600,224,2
2026-04-15,601318,14:48:51,58.7500,287,2
2026-04-15,601318,14:48:54,58.7500,242,2
2026-04-15,601318,14:48:57,58.7400,16,2
2026-04-15,601318,14:48:59,58.7500,29,1
2026-04-15,601318,14:49:03,58.7400,8,2
2026-04-15,601318,14:49:05,58.7500,219,1
2026-04-15,601318,14:49:09,58.7500,47,2
2026-04-15,601318,14:49:11,58.7500,12,2
2026-04-15,601318,14:49:15,58.7500,69,2
2026-04-15,601318,14:49:17,58.7600,65,1
2026-04-15,601318,14:49:20,58.7600,74,1
2026-04-15,601318,14:49:24,58.7800,215,1
2026-04-15,601318,14:49:26,58.7700,52,2
2026-04-15,601318,14:49:29,58.7800,64,1
2026-04-15,601318,14:49:33,58.7800,113,2
2026-04-15,601318,14:49:35,58.7700,39,2
2026-04-15,601318,14:49:38,58.7700,76,2
2026-04-15,601318,14:49:42,58.7800,90,1
2026-04-15,601318,14:49:44,58.7800,63,1
2026-04-15,601318,14:49:48,58.7900,489,1
2026-04-15,601318,14:49:50,58.7800,30,2
2026-04-15,601318,14:49:54,58.7800,39,2
2026-04-15,601318,14:49:57,58.7700,8,2
2026-04-15,601318,14:49:59,58.7800,227,1
2026-04-15,601318,14:50:02,58.7800,181,1
2026-04-15,601318,14:50:05,58.7800,76,1
2026-04-15,601318,14:50:09,58.7600,367,2
2026-04-15,601318,14:50:12,58.7700,81,1
2026-04-15,601318,14:50:14,58.7600,64,2
2026-04-15,601318,14:50:18,58.7600,75,2
2026-04-15,601318,14:50:20,58.7600,186,2
2026-04-15,601318,14:50:23,58.7700,63,4
2026-04-15,601318,14:50:27,58.7700,35,1
2026-04-15,601318,14:50:30,58.7600,140,2
2026-04-15,601318,14:50:32,58.7700,69,1
2026-04-15,601318,14:50:35,58.7700,113,2
2026-04-15,601318,14:50:38,58.7600,27,2
2026-04-15,601318,14:50:42,58.7700,18,1
2026-04-15,601318,14:50:44,58.7500,358,2
2026-04-15,601318,14:50:47,58.7600,179,1
2026-04-15,601318,14:50:50,58.7500,12,2
2026-04-15,601318,14:50:54,58.7500,22,2
2026-04-15,601318,14:50:56,58.7500,23,2
2026-04-15,601318,14:51:00,58.7600,26,1
2026-04-15,601318,14:51:03,58.7600,479,1
2026-04-15,601318,14:51:06,58.7600,50,2
2026-04-15,601318,14:51:09,58.7600,42,2
2026-04-15,601318,14:51:12,58.7700,46,1
2026-04-15,601318,14:51:14,58.7600,36,2
2026-04-15,601318,14:51:18,58.7600,34,2
2026-04-15,601318,14:51:20,58.7600,319,2
2026-04-15,601318,14:51:24,58.7600,134,2
2026-04-15,601318,14:51:27,58.7500,146,2
2026-04-15,601318,14:51:30,58.7500,96,2
2026-04-15,601318,14:51:33,58.7500,113,2
2026-04-15,601318,14:51:36,58.7500,39,1
2026-04-15,601318,14:51:39,58.7500,11,1
2026-04-15,601318,14:51:41,58.7500,88,1
2026-04-15,601318,14:51:44,58.7500,10,2
2026-04-15,601318,14:51:48,58.7700,146,1
2026-04-15,601318,14:51:51,58.7700,14,2
2026-04-15,601318,14:51:53,58.7800,10,1
2026-04-15,601318,14:51:57,58.7800,5,1
2026-04-15,601318,14:52:00,58.7700,23,2
2026-04-15,601318,14:52:03,58.7800,14,1
2026-04-15,601318,14:52:06,58.7700,186,2
2026-04-15,601318,14:52:09,58.7700,532,2
2026-04-15,601318,14:52:11,58.7700,514,2
2026-04-15,601318,14:52:15,58.7700,102,1
2026-04-15,601318,14:52:18,58.7600,18,2
2026-04-15,601318,14:52:20,58.7700,19,1
2026-04-15,601318,14:52:23,58.7600,29,2
2026-04-15,601318,14:52:26,58.7700,235,1
2026-04-15,601318,14:52:29,58.7700,89,1
2026-04-15,601318,14:52:33,58.7600,47,2
2026-04-15,601318,14:52:36,58.7700,46,1
2026-04-15,601318,14:52:39,58.7600,54,2
2026-04-15,601318,14:52:41,58.7600,148,2
2026-04-15,601318,14:52:44,58.7600,70,1
2026-04-15,601318,14:52:47,58.7500,9,2
2026-04-15,601318,14:52:50,58.7600,33,1
2026-04-15,601318,14:52:53,58.7600,41,1
2026-04-15,601318,14:52:57,58.7500,189,2
2026-04-15,601318,14:52:59,58.7600,48,1
2026-04-15,601318,14:53:03,58.7600,107,1
2026-04-15,601318,14:53:05,58.7600,114,1
2026-04-15,601318,14:53:08,58.7600,5,2
2026-04-15,601318,14:53:11,58.7600,647,2
2026-04-15,601318,14:53:15,58.7500,149,2
2026-04-15,601318,14:53:17,58.7500,73,2
2026-04-15,601318,14:53:20,58.7500,287,2
2026-04-15,601318,14:53:23,58.7600,46,1
2026-04-15,601318,14:53:26,58.7600,59,1
2026-04-15,601318,14:53:29,58.7700,11,1
2026-04-15,601318,14:53:33,58.7700,54,1
2026-04-15,601318,14:53:35,58.7700,73,1
2026-04-15,601318,14:53:39,58.7700,6,1
2026-04-15,601318,14:53:42,58.7700,35,1
2026-04-15,601318,14:53:44,58.7600,106,2
2026-04-15,601318,14:53:48,58.7600,31,2
2026-04-15,601318,14:53:51,58.7700,149,1
2026-04-15,601318,14:53:53,58.7700,79,1
2026-04-15,601318,14:53:57,58.7600,183,2
2026-04-15,601318,14:53:59,58.7700,99,1
2026-04-15,601318,14:54:03,58.7700,291,2
2026-04-15,601318,14:54:06,58.7700,157,2
2026-04-15,601318,14:54:09,58.7700,129,2
2026-04-15,601318,14:54:11,58.7600,196,2
2026-04-15,601318,14:54:14,58.7500,122,2
2026-04-15,601318,14:54:17,58.7600,41,1
2026-04-15,601318,14:54:21,58.7600,143,1
2026-04-15,601318,14:54:23,58.7500,127,2
2026-04-15,601318,14:54:27,58.7600,13,2
2026-04-15,601318,14:54:29,58.7700,48,1
2026-04-15,601318,14:54:32,58.7700,246,1
2026-04-15,601318,14:54:35,58.7600,44,2
2026-04-15,601318,14:54:38,58.7600,46,2
2026-04-15,601318,14:54:41,58.7600,190,2
2026-04-15,601318,14:54:45,58.7600,91,1
2026-04-15,601318,14:54:48,58.7600,85,1
2026-04-15,601318,14:54:50,58.7600,51,1
2026-04-15,601318,14:54:54,58.7600,76,1
2026-04-15,601318,14:54:57,58.7500,80,2
2026-04-15,601318,14:55:00,58.7500,117,2
2026-04-15,601318,14:55:02,58.7500,217,2
2026-04-15,601318,14:55:05,58.7500,73,2
2026-04-15,601318,14:55:08,58.7500,246,2
2026-04-15,601318,14:55:12,58.7500,121,2
2026-04-15,601318,14:55:15,58.7500,88,2
2026-04-15,601318,14:55:18,58.7600,341,1
2026-04-15,601318,14:55:21,58.7500,140,4
2026-04-15,601318,14:55:23,58.7600,41,1
2026-04-15,601318,14:55:26,58.7600,200,1
2026-04-15,601318,14:55:30,58.7600,41,1
2026-04-15,601318,14:55:33,58.7600,146,1
2026-04-15,601318,14:55:35,58.7600,75,2
2026-04-15,601318,14:55:38,58.7600,93,1
2026-04-15,601318,14:55:41,58.7600,45,2
2026-04-15,601318,14:55:45,58.7600,147,2
2026-04-15,601318,14:55:47,58.7700,80,1
2026-04-15,601318,14:55:51,58.7700,26,1
2026-04-15,601318,14:55:54,58.7700,102,4
2026-04-15,601318,14:55:57,58.7700,88,2
2026-04-15,601318,14:56:00,58.7700,43,1
2026-04-15,601318,14:56:03,58.7600,157,2
2026-04-15,601318,14:56:06,58.7600,112,2
2026-04-15,601318,14:56:08,58.7700,91,1
2026-04-15,601318,14:56:12,58.7800,191,1
2026-04-15,601318,14:56:15,58.7900,63,1
2026-04-15,601318,14:56:17,58.7900,80,1
2026-04-15,601318,14:56:21,58.7900,150,1
2026-04-15,601318,14:56:24,58.7900,44,2
2026-04-15,601318,14:56:26,58.7800,86,2
2026-04-15,601318,14:56:29,58.7800,56,2
2026-04-15,601318,14:56:32,58.7700,123,2
2026-04-15,601318,14:56:36,58.7800,84,1
2026-04-15,601318,14:56:38,58.7900,63,1
2026-04-15,601318,14:56:42,58.7800,69,2
2026-04-15,601318,14:56:45,58.7800,14,1
2026-04-15,601318,14:56:47,58.7700,185,2
2026-04-15,601318,14:56:51,58.7800,40,1
2026-04-15,601318,14:56:54,58.7700,60,4
2026-04-15,601318,14:56:57,58.7800,274,1
2026-04-15,601318,14:57:00,58.7700,46,2
2026-04-15,601318,15:00:03,58.7000,7954,4
2026-04-15,601318,13:16:29,58.7900,17,2
2026-04-15,601318,13:16:33,58.7900,99,2
2026-04-15,601318,13:16:35,58.7800,41,2
2026-04-15,601318,13:16:38,58.7800,77,2
2026-04-15,601318,13:16:41,58.7800,52,2
2026-04-15,601318,13:16:44,58.7900,57,1
2026-04-15,601318,13:16:48,58.7800,35,2
2026-04-15,601318,13:16:50,58.7900,118,1
2026-04-15,601318,13:16:53,58.7800,30,2
2026-04-15,601318,13:16:56,58.7700,31,2
2026-04-15,601318,13:17:00,58.7800,41,1
2026-04-15,601318,13:17:03,58.7800,150,1
2026-04-15,601318,13:17:05,58.7800,28,1
2026-04-15,601318,13:17:09,58.7800,38,1
2026-04-15,601318,13:17:12,58.7700,65,2
2026-04-15,601318,13:17:14,58.7700,157,2
2026-04-15,601318,13:17:17,58.7700,108,2
2026-04-15,601318,13:17:21,58.7600,113,2
2026-04-15,601318,13:17:23,58.7600,59,2
2026-04-15,601318,13:17:26,58.7600,28,2
2026-04-15,601318,13:17:29,58.7700,143,1
2026-04-15,601318,13:17:33,58.7700,68,1
2026-04-15,601318,13:17:35,58.7700,73,2
2026-04-15,601318,13:17:38,58.7700,66,2
2026-04-15,601318,13:17:41,58.7900,335,1
2026-04-15,601318,13:17:44,58.7600,508,2
2026-04-15,601318,13:17:47,58.7700,98,1
2026-04-15,601318,13:17:51,58.7900,30,1
2026-04-15,601318,13:17:53,58.7700,101,2
2026-04-15,601318,13:17:56,58.7600,140,2
2026-04-15,601318,13:18:03,58.7800,89,2
2026-04-15,601318,13:18:06,58.7800,16,2
2026-04-15,601318,13:18:09,58.7800,11,1
2026-04-15,601318,13:18:12,58.7800,121,1
2026-04-15,601318,13:18:15,58.7800,28,1
2026-04-15,601318,13:18:18,58.7700,95,2
2026-04-15,601318,13:18:21,58.7900,134,1
2026-04-15,601318,13:18:24,58.7900,21,1
2026-04-15,601318,13:18:26,58.7800,22,2
2026-04-15,601318,13:18:30,58.7800,6,2
2026-04-15,601318,13:18:33,58.8000,191,1
2026-04-15,601318,13:18:36,58.8200,123,1
2026-04-15,601318,13:18:38,58.8200,1,2
2026-04-15,601318,13:18:42,58.8300,31,1
2026-04-15,601318,13:18:44,58.8200,7,2
2026-04-15,601318,13:18:48,58.8200,8,2
2026-04-15,601318,13:18:51,58.8300,60,1
2026-04-15,601318,13:18:53,58.8300,20,1
2026-04-15,601318,13:18:56,58.8300,2,1
2026-04-15,601318,13:18:59,58.8300,16,1
2026-04-15,601318,13:19:03,58.8300,35,1
2026-04-15,601318,13:19:05,58.8300,17,1
2026-04-15,601318,13:19:09,58.8200,78,2
2026-04-15,601318,13:19:12,58.8300,28,1
2026-04-15,601318,13:19:14,58.8300,7,1
2026-04-15,601318,13:19:18,58.8300,36,1
2026-04-15,601318,13:19:20,58.8200,12,2
2026-04-15,601318,13:19:23,58.8200,91,2
2026-04-15,601318,13:19:27,58.8300,194,1
2026-04-15,601318,13:19:30,58.8300,79,2
2026-04-15,601318,13:19:32,58.8400,10,1
2026-04-15,601318,13:19:36,58.8400,64,1
2026-04-15,601318,13:19:38,58.8500,130,1
2026-04-15,601318,13:19:41,58.8300,79,2
2026-04-15,601318,13:19:45,58.8300,30,2
2026-04-15,601318,13:19:48,58.8400,89,1
2026-04-15,601318,13:19:51,58.8300,49,2
2026-04-15,601318,13:19:54,58.8200,301,2
2026-04-15,601318,13:19:56,58.7800,124,2
2026-04-15,601318,13:19:59,58.8200,79,1
2026-04-15,601318,13:20:02,58.7900,12,2
2026-04-15,601318,13:20:06,58.7800,68,2
2026-04-15,601318,13:20:09,58.8100,22,1
2026-04-15,601318,13:20:12,58.8100,137,1
2026-04-15,601318,13:20:14,58.7900,118,2
2026-04-15,601318,13:20:18,58.8100,114,1
2026-04-15,601318,13:20:21,58.8000,27,2
2026-04-15,601318,13:20:23,58.8100,37,1
2026-04-15,601318,13:20:27,58.7900,397,2
2026-04-15,601318,13:20:29,58.8200,1,1
2026-04-15,601318,13:20:32,58.8100,15,4
2026-04-15,601318,13:20:36,58.8100,29,2
2026-04-15,601318,13:20:38,58.8100,40,2
2026-04-15,601318,13:20:41,58.8100,26,2
2026-04-15,601318,13:20:45,58.8200,22,1
2026-04-15,601318,13:20:48,58.8200,1191,1
2026-04-15,601318,13:20:51,58.8000,57,2
2026-04-15,601318,13:20:54,58.7900,189,2
2026-04-15,601318,13:20:56,58.7900,14,2
2026-04-15,601318,13:21:00,58.7900,8,2
2026-04-15,601318,13:21:02,58.7900,38,2
2026-04-15,601318,13:21:06,58.7900,149,2
2026-04-15,601318,13:21:08,58.7900,111,2
2026-04-15,601318,13:21:12,58.8000,49,1
2026-04-15,601318,13:21:14,58.8000,5,1
2026-04-15,601318,13:21:17,58.8000,47,1
2026-04-15,601318,13:21:21,58.8000,66,1
2026-04-15,601318,13:21:23,58.8000,2,1
2026-04-15,601318,13:21:26,58.8000,84,1
2026-04-15,601318,13:21:29,58.7900,78,2
2026-04-15,601318,13:21:33,58.7900,30,2
2026-04-15,601318,13:21:36,58.7800,51,2
2026-04-15,601318,13:21:39,58.7900,26,1
2026-04-15,601318,13:21:41,58.7800,4,2
2026-04-15,601318,13:21:45,58.7900,31,1
2026-04-15,601318,13:21:48,58.7800,65,2
2026-04-15,601318,13:21:51,58.7800,25,2
2026-04-15,601318,13:21:53,58.7900,55,1
2026-04-15,601318,13:21:56,58.7800,39,2
2026-04-15,601318,13:22:00,58.7800,29,2
2026-04-15,601318,13:22:02,58.7700,31,2
2026-04-15,601318,13:22:06,58.7700,33,2
2026-04-15,601318,13:22:09,58.7800,48,1
2026-04-15,601318,13:22:12,58.7800,21,1
2026-04-15,601318,13:22:15,58.7700,73,2
2026-04-15,601318,13:22:18,58.7700,16,2
2026-04-15,601318,13:22:20,58.7700,111,2
2026-04-15,601318,13:22:23,58.7700,67,2
2026-04-15,601318,13:22:27,58.7600,140,2
2026-04-15,601318,13:22:30,58.7700,10,1
2026-04-15,601318,13:22:32,58.7700,77,1
2026-04-15,601318,13:22:36,58.7700,91,2
2026-04-15,601318,13:22:38,58.7600,127,2
2026-04-15,601318,13:22:42,58.7700,16,2
2026-04-15,601318,13:22:44,58.7700,138,2
2026-04-15,601318,13:22:48,58.7800,149,1
2026-04-15,601318,13:22:51,58.7700,60,4
2026-04-15,601318,13:22:53,58.7700,46,2
2026-04-15,601318,13:22:57,58.7700,21,2
2026-04-15,601318,13:22:59,58.7700,50,2
2026-04-15,601318,13:23:03,58.7600,68,2
2026-04-15,601318,13:23:06,58.7600,26,2
2026-04-15,601318,13:23:08,58.7700,73,2
2026-04-15,601318,13:23:11,58.7700,65,2
2026-04-15,601318,13:23:15,58.7700,18,2
2026-04-15,601318,13:23:18,58.7700,41,2
2026-04-15,601318,13:23:21,58.7800,75,1
2026-04-15,601318,13:23:24,58.7700,43,2
2026-04-15,601318,13:23:27,58.7800,25,1
2026-04-15,601318,13:23:30,58.7700,18,2
2026-04-15,601318,13:23:33,58.7700,80,2
2026-04-15,601318,13:23:36,58.7600,218,2
2026-04-15,601318,13:23:38,58.7600,146,2
2026-04-15,601318,13:23:41,58.7700,106,1
2026-04-15,601318,13:23:45,58.7600,76,2
2026-04-15,601318,13:23:48,58.7600,159,2
2026-04-15,601318,13:23:50,58.7500,8,2
2026-04-15,601318,13:23:54,58.7500,43,2
2026-04-15,601318,13:23:57,58.7600,39,1
2026-04-15,601318,13:24:00,58.7500,147,2
2026-04-15,601318,13:24:03,58.7600,280,1
2026-04-15,601318,13:24:05,58.7600,38,2
2026-04-15,601318,13:24:09,58.7700,61,1
2026-04-15,601318,13:24:11,58.7600,76,2
2026-04-15,601318,13:24:15,58.7600,38,2
2026-04-15,601318,13:24:18,58.7600,90,2
2026-04-15,601318,13:24:20,58.7600,29,2
2026-04-15,601318,13:24:24,58.7600,154,2
2026-04-15,601318,13:24:26,58.7600,59,2
2026-04-15,601318,13:24:29,58.7700,140,1
2026-04-15,601318,13:24:33,58.7600,50,2
2026-04-15,601318,13:24:35,58.7500,67,2
2026-04-15,601318,13:24:38,58.7600,10,1
2026-04-15,601318,13:24:41,58.7500,24,2
2026-04-15,601318,13:24:45,58.7600,81,1
2026-04-15,601318,13:24:47,58.7500,75,2
2026-04-15,601318,13:24:51,58.7500,68,2
2026-04-15,601318,13:24:54,58.7400,486,2
2026-04-15,601318,13:24:56,58.7400,166,2
2026-04-15,601318,13:24:59,58.7400,19,2
2026-04-15,601318,13:25:03,58.7500,259,1
2026-04-15,601318,13:25:05,58.7600,511,1
2026-04-15,601318,13:25:09,58.7300,205,2
2026-04-15,601318,13:25:12,58.7300,56,2
2026-04-15,601318,13:25:14,58.7500,43,1
2026-04-15,601318,13:25:18,58.7500,9,1
2026-04-15,601318,13:25:20,58.7300,91,2
2026-04-15,601318,13:25:24,58.7500,76,1
2026-04-15,601318,13:25:26,58.7300,89,2
2026-04-15,601318,13:25:29,58.7400,69,2
2026-04-15,601318,13:25:32,58.7400,160,2
2026-04-15,601318,13:25:35,58.7500,237,1
2026-04-15,601318,13:25:39,58.7500,18,1
2026-04-15,601318,13:25:41,58.7400,72,2
2026-04-15,601318,13:25:44,58.7400,89,4
2026-04-15,601318,13:25:48,58.7400,88,2
2026-04-15,601318,13:25:51,58.7500,71,1
2026-04-15,601318,13:25:54,58.7500,90,2
2026-04-15,601318,13:25:57,58.7500,18,2
2026-04-15,601318,13:26:00,58.7600,60,1
2026-04-15,601318,13:26:02,58.7600,45,1
2026-04-15,601318,13:26:06,58.7600,104,1
2026-04-15,601318,13:26:09,58.7600,38,1
2026-04-15,601318,13:26:12,58.7600,90,1
2026-04-15,601318,13:26:15,58.7600,256,1
2026-04-15,601318,13:26:18,58.7500,105,4
2026-04-15,601318,13:26:20,58.7500,68,2
2026-04-15,601318,13:26:23,58.7400,34,2
2026-04-15,601318,13:26:26,58.7500,25,1
2026-04-15,601318,13:26:30,58.7500,33,1
2026-04-15,601318,13:26:32,58.7500,99,1
2026-04-15,601318,13:26:36,58.7500,34,1
2026-04-15,601318,13:26:39,58.7400,56,2
2026-04-15,601318,13:26:41,58.7400,15,2
2026-04-15,601318,13:26:44,58.7500,44,1
2026-04-15,601318,13:26:48,58.7500,75,1
2026-04-15,601318,13:26:51,58.7500,169,1
2026-04-15,601318,13:26:54,58.7500,71,1
2026-04-15,601318,13:26:57,58.7400,44,2
2026-04-15,601318,13:27:00,58.7500,50,1
2026-04-15,601318,13:27:03,58.7500,56,1
2026-04-15,601318,13:27:06,58.7500,43,1
2026-04-15,601318,13:27:09,58.7600,199,1
2026-04-15,601318,13:27:12,58.7600,89,1
2026-04-15,601318,13:27:15,58.7500,34,2
2026-04-15,601318,13:27:18,58.7500,22,2
2026-04-15,601318,13:27:21,58.7500,97,2
2026-04-15,601318,13:27:24,58.7600,25,1
2026-04-15,601318,13:27:27,58.7600,101,1
2026-04-15,601318,13:27:30,58.7500,46,2
2026-04-15,601318,13:27:32,58.7600,20,1
2026-04-15,601318,13:27:35,58.7500,60,2
2026-04-15,601318,13:27:38,58.7600,68,1
2026-04-15,601318,13:27:41,58.7500,103,2
2026-04-15,601318,13:27:45,58.7400,59,2
2026-04-15,601318,13:27:48,58.7400,80,2
2026-04-15,601318,13:27:50,58.7400,108,2
2026-04-15,601318,13:27:53,58.7400,46,2
2026-04-15,601318,13:27:57,58.7400,217,2
2026-04-15,601318,13:27:59,58.7500,248,1
2026-04-15,601318,13:28:03,58.7300,408,2
2026-04-15,601318,13:28:06,58.7400,31,1
2026-04-15,601318,13:28:08,58.7400,73,1
2026-04-15,601318,13:28:12,58.7400,61,1
2026-04-15,601318,13:28:14,58.7400,16,1
2026-04-15,601318,13:28:18,58.7300,66,2
2026-04-15,601318,13:28:20,58.7400,10,1
2026-04-15,601318,13:28:24,58.7300,19,2
2026-04-15,601318,13:28:27,58.7300,363,2
2026-04-15,601318,13:28:29,58.7300,16,2
2026-04-15,601318,13:28:32,58.7300,131,2
2026-04-15,601318,13:28:36,58.7300,140,2
2026-04-15,601318,13:28:39,58.7300,96,2
2026-04-15,601318,13:28:41,58.7300,146,2
2026-04-15,601318,13:28:44,58.7300,312,2
2026-04-15,601318,13:28:48,58.7200,36,2
2026-04-15,601318,13:28:51,58.7200,68,2
2026-04-15,601318,13:28:54,58.7300,68,1
2026-04-15,601318,13:28:56,58.7200,61,2
2026-04-15,601318,13:28:59,58.7300,22,1
2026-04-15,601318,13:29:03,58.7200,200,2
2026-04-15,601318,13:29:06,58.7200,32,2
2026-04-15,601318,13:29:09,58.7200,82,2
2026-04-15,601318,13:29:12,58.7300,78,1
2026-04-15,601318,13:29:15,58.7200,74,2
2026-04-15,601318,13:29:17,58.7200,29,2
2026-04-15,601318,13:29:20,58.7300,134,1
2026-04-15,601318,13:29:23,58.7200,73,2
2026-04-15,601318,13:29:27,58.7200,381,2
2026-04-15,601318,13:29:29,58.7200,245,1
2026-04-15,601318,13:29:32,58.7200,174,1
2026-04-15,601318,13:29:35,58.7200,175,1
2026-04-15,601318,13:29:39,58.7100,100,2
2026-04-15,601318,13:29:41,58.7200,98,1
2026-04-15,601318,13:29:44,58.7200,60,1
2026-04-15,601318,13:29:48,58.7300,56,1
2026-04-15,601318,13:29:51,58.7200,54,2
2026-04-15,601318,13:29:53,58.7300,29,1
2026-04-15,601318,13:29:57,58.7200,13,2
2026-04-15,601318,13:30:00,58.7300,63,1
2026-04-15,601318,13:30:03,58.7200,89,2
2026-04-15,601318,13:30:05,58.7200,44,2
2026-04-15,601318,13:30:09,58.7200,8,2
2026-04-15,601318,13:30:12,58.7300,32,1
2026-04-15,601318,13:30:15,58.7200,60,2
2026-04-15,601318,13:30:18,58.7300,65,1
2026-04-15,601318,13:30:21,58.7300,20,1
2026-04-15,601318,13:30:24,58.7200,13,2
2026-04-15,601318,13:30:27,58.7300,5,1
2026-04-15,601318,13:30:29,58.7300,53,1
2026-04-15,601318,13:30:32,58.7200,179,2
2026-04-15,601318,13:30:36,58.7200,226,2
2026-04-15,601318,13:30:38,58.7200,105,1
2026-04-15,601318,13:30:42,58.7200,14,1
2026-04-15,601318,13:30:45,58.7100,38,2
2026-04-15,601318,13:30:47,58.7200,28,1
2026-04-15,601318,13:30:51,58.7200,15,1
2026-04-15,601318,13:30:54,58.7200,61,1
2026-04-15,601318,13:30:57,58.7100,42,2
2026-04-15,601318,13:30:59,58.7100,83,2
2026-04-15,601318,13:31:03,58.7100,60,2
2026-04-15,601318,13:31:06,58.7100,52,2
2026-04-15,601318,13:31:09,58.7100,83,2
2026-04-15,601318,13:31:12,58.7100,82,2
2026-04-15,601318,13:31:14,58.7200,109,1
2026-04-15,601318,13:31:18,58.7200,292,1
2026-04-15,601318,13:31:21,58.7200,18,2
2026-04-15,601318,13:31:23,58.7300,106,1
2026-04-15,601318,13:31:26,58.7200,36,2
2026-04-15,601318,13:31:29,58.7300,16,1
2026-04-15,601318,13:31:32,58.7300,119,1
2026-04-15,601318,13:31:36,58.7300,11,1
2026-04-15,601318,13:31:39,58.7200,66,2
2026-04-15,601318,13:31:42,58.7200,17,2
2026-04-15,601318,13:31:44,58.7200,32,2
2026-04-15,601318,13:31:48,58.7300,57,1
2026-04-15,601318,13:31:50,58.7300,9,1
2026-04-15,601318,13:31:53,58.7200,82,2
2026-04-15,601318,13:31:57,58.7300,98,1
2026-04-15,601318,13:31:59,58.7200,11,2
2026-04-15,601318,13:32:02,58.7300,13,1
2026-04-15,601318,13:32:06,58.7300,66,1
2026-04-15,601318,13:32:08,58.7200,53,2
2026-04-15,601318,13:32:12,58.7300,98,1
2026-04-15,601318,13:32:15,58.7200,100,2
2026-04-15,601318,13:32:17,58.7300,40,1
2026-04-15,601318,13:32:21,58.7300,398,1
2026-04-15,601318,13:32:24,58.7300,85,1
2026-04-15,601318,13:32:26,58.7300,221,2
2026-04-15,601318,13:32:29,58.7300,30,2
2026-04-15,601318,13:32:33,58.7300,49,2
2026-04-15,601318,13:32:36,58.7400,17,1
2026-04-15,601318,13:32:39,58.7300,34,2
2026-04-15,601318,13:32:41,58.7300,30,2
2026-04-15,601318,13:32:45,58.7400,35,1
2026-04-15,601318,13:32:47,58.7400,74,1
2026-04-15,601318,13:32:51,58.7400,159,1
2026-04-15,601318,13:32:53,58.7500,167,1
2026-04-15,601318,13:32:57,58.7500,178,1
2026-04-15,601318,13:33:00,58.7500,20,1
2026-04-15,601318,13:33:02,58.7500,72,1
2026-04-15,601318,13:33:05,58.7400,53,2
2026-04-15,601318,13:33:09,58.7500,57,1
2026-04-15,601318,13:33:12,58.7500,13,1
2026-04-15,601318,13:33:14,58.7400,38,2
2026-04-15,601318,13:33:18,58.7500,51,1
2026-04-15,601318,13:33:21,58.7500,119,1
2026-04-15,601318,13:33:24,58.7500,60,1
2026-04-15,601318,13:33:26,58.7500,75,1
2026-04-15,601318,13:33:29,58.7600,113,1
2026-04-15,601318,13:33:33,58.7600,71,1
2026-04-15,601318,13:33:35,58.7600,78,1
2026-04-15,601318,13:33:39,58.7500,222,2
2026-04-15,601318,13:33:41,58.7600,18,1
2026-04-15,601318,13:33:45,58.7500,28,2
2026-04-15,601318,13:33:47,58.7600,70,1
2026-04-15,601318,13:33:50,58.7500,34,2
2026-04-15,601318,13:33:53,58.7500,54,2
2026-04-15,601318,13:33:57,58.7500,89,2
2026-04-15,601318,13:34:00,58.7200,673,2
2026-04-15,601318,13:34:02,58.7100,423,2
2026-04-15,601318,13:34:06,58.7100,228,2
2026-04-15,601318,13:34:08,58.7100,287,2
2026-04-15,601318,13:34:12,58.7100,328,2
2026-04-15,601318,13:34:15,58.7100,288,2
2026-04-15,601318,13:34:18,58.7000,80,2
2026-04-15,601318,13:34:20,58.7000,41,2
2026-04-15,601318,13:34:23,58.7100,148,1
2026-04-15,601318,13:34:27,58.7000,48,2
2026-04-15,601318,13:34:30,58.7000,48,2
2026-04-15,601318,13:34:32,58.7000,91,2
2026-04-15,601318,13:34:35,58.7000,75,2
2026-04-15,601318,13:34:38,58.7000,136,2
2026-04-15,601318,13:34:41,58.7100,61,1
2026-04-15,601318,13:34:45,58.6800,2133,2
2026-04-15,601318,13:34:48,58.6700,339,2
2026-04-15,601318,13:34:51,58.6600,83,2
2026-04-15,601318,13:34:54,58.6700,119,1
2026-04-15,601318,13:34:56,58.6600,42,2
2026-04-15,601318,13:35:00,58.6600,44,2
2026-04-15,601318,13:35:03,58.6600,49,2
2026-04-15,601318,13:35:05,58.6700,56,1
2026-04-15,601318,13:35:08,58.6600,8,2
2026-04-15,601318,13:35:11,58.6700,35,1
2026-04-15,601318,13:35:14,58.6600,19,2
2026-04-15,601318,13:35:18,58.6600,63,2
2026-04-15,601318,13:35:20,58.6600,40,2
2026-04-15,601318,13:35:24,58.6600,87,2
2026-04-15,601318,13:35:27,58.6600,99,2
2026-04-15,601318,13:35:30,58.6500,110,2
2026-04-15,601318,13:35:33,58.6500,73,2
2026-04-15,601318,13:35:35,58.6500,218,2
2026-04-15,601318,13:35:39,58.6400,422,2
2026-04-15,601318,13:35:42,58.6400,119,2
2026-04-15,601318,13:35:44,58.6300,116,2
2026-04-15,601318,13:35:48,58.6300,275,2
2026-04-15,601318,13:35:50,58.6300,99,2
2026-04-15,601318,13:35:53,58.6300,80,2
2026-04-15,601318,13:35:57,58.6300,132,2
2026-04-15,601318,13:36:00,58.6200,54,2
2026-04-15,601318,13:36:03,58.6300,107,1
2026-04-15,601318,13:36:06,58.6300,184,1
2026-04-15,601318,13:36:09,58.6200,301,2
2026-04-15,601318,13:36:12,58.6100,41,2
2026-04-15,601318,13:36:14,58.6100,48,2
2026-04-15,601318,13:36:17,58.6100,51,2
2026-04-15,601318,13:36:21,58.6200,36,1
2026-04-15,601318,13:36:23,58.6100,35,2
2026-04-15,601318,13:36:27,58.6200,23,1
2026-04-15,601318,13:36:30,58.6100,196,2
2026-04-15,601318,13:36:33,58.6200,454,1
2026-04-15,601318,13:36:35,58.6100,31,2
2026-04-15,601318,13:36:39,58.6200,94,1
2026-04-15,601318,13:36:42,58.6200,28,1
2026-04-15,601318,13:36:44,58.6100,135,2
2026-04-15,601318,13:36:47,58.6200,37,1
2026-04-15,601318,13:36:50,58.6200,83,1
2026-04-15,601318,13:36:53,58.6200,85,1
2026-04-15,601318,13:36:56,58.6200,86,1
2026-04-15,601318,13:37:00,58.6200,72,1
2026-04-15,601318,13:37:03,58.6200,45,2
2026-04-15,601318,13:37:05,58.6100,50,2
2026-04-15,601318,13:37:09,58.6200,16,2
2026-04-15,601318,13:37:11,58.6200,57,2
2026-04-15,601318,13:37:15,58.6200,56,2
2026-04-15,601318,13:37:18,58.6200,25,2
2026-04-15,601318,13:37:20,58.6200,88,2
2026-04-15,601318,13:37:24,58.6200,73,1
2026-04-15,601318,13:37:26,58.6100,50,2
2026-04-15,601318,13:37:30,58.6200,59,1
2026-04-15,601318,13:37:33,58.6100,96,2
2026-04-15,601318,13:37:36,58.6200,43,1
2026-04-15,601318,13:37:39,58.6100,141,2
2026-04-15,601318,13:37:41,58.6300,25,1
2026-04-15,601318,13:37:44,58.6200,13,2
2026-04-15,601318,13:37:48,58.6200,54,2
2026-04-15,601318,13:37:51,58.6200,75,1
2026-04-15,601318,13:37:54,58.6200,58,1
2026-04-15,601318,13:37:56,58.6300,599,1
2026-04-15,601318,13:37:59,58.6300,83,2
2026-04-15,601318,13:38:02,58.6300,60,2
2026-04-15,601318,13:38:06,58.6300,90,2
2026-04-15,601318,13:38:08,58.6500,366,1
2026-04-15,601318,13:38:12,58.6600,133,1
2026-04-15,601318,13:38:15,58.6500,175,2
2026-04-15,601318,13:38:18,58.6900,119,1
2026-04-15,601318,13:38:20,58.6800,137,1
2026-04-15,601318,13:38:23,58.7000,176,1
2026-04-15,601318,13:38:27,58.6900,68,2
2026-04-15,601318,13:38:29,58.6800,196,2
2026-04-15,601318,13:38:33,58.6800,190,2
2026-04-15,601318,13:38:36,58.6500,43,2
2026-04-15,601318,13:38:38,58.6500,107,2
2026-04-15,601318,13:38:42,58.6600,48,2
2026-04-15,601318,13:38:45,58.6600,20,2
2026-04-15,601318,13:38:48,58.6600,60,2
2026-04-15,601318,13:38:51,58.6600,34,1
2026-04-15,601318,13:38:54,58.6600,62,1
2026-04-15,601318,13:38:57,58.6600,42,1
2026-04-15,601318,13:39:00,58.6400,43,2
2026-04-15,601318,13:39:03,58.6400,156,2
2026-04-15,601318,13:39:06,58.6300,40,2
2026-04-15,601318,13:39:08,58.6300,8,2
2026-04-15,601318,13:39:12,58.6400,108,1
2026-04-15,601318,13:39:14,58.6300,21,4
2026-04-15,601318,13:39:18,58.6400,59,1
2026-04-15,601318,13:39:20,58.6300,94,2
2026-04-15,601318,13:39:24,58.6300,43,2
2026-04-15,601318,13:39:27,58.6400,20,1
2026-04-15,601318,13:39:29,58.6300,74,2
2026-04-15,601318,13:39:33,58.6300,111,2
2026-04-15,601318,13:39:35,58.6300,48,2
2026-04-15,601318,13:39:39,58.6400,66,1
2026-04-15,601318,13:39:42,58.6300,26,2
2026-04-15,601318,13:39:45,58.6300,65,2
2026-04-15,601318,13:39:47,58.6400,44,1
2026-04-15,601318,13:39:50,58.6300,227,2
2026-04-15,601318,13:39:53,58.6300,150,1
2026-04-15,601318,13:39:57,58.6300,104,2
2026-04-15,601318,13:39:59,58.6300,112,1
2026-04-15,601318,13:40:03,58.6400,216,1
2026-04-15,601318,13:40:05,58.6300,35,2
2026-04-15,601318,13:40:09,58.6400,80,1
2026-04-15,601318,13:40:11,58.6400,82,1
2026-04-15,601318,13:40:15,58.6500,47,1
2026-04-15,601318,13:40:18,58.6400,66,2
2026-04-15,601318,13:40:20,58.6400,63,2
2026-04-15,601318,13:40:23,58.6300,7,2
2026-04-15,601318,13:40:26,58.6400,12,1
2026-04-15,601318,13:40:29,58.6300,76,2
2026-04-15,601318,13:40:32,58.6300,33,2
2026-04-15,601318,13:40:36,58.6300,26,2
2026-04-15,601318,13:40:38,58.6400,27,1
2026-04-15,601318,13:40:42,58.6300,42,2
2026-04-15,601318,13:40:44,58.6500,232,1
2026-04-15,601318,13:40:48,58.6400,384,2
2026-04-15,601318,13:40:51,58.6300,37,2
2026-04-15,601318,13:40:54,58.6500,122,1
2026-04-15,601318,13:40:57,58.6300,106,2
2026-04-15,601318,13:40:59,58.6300,62,2
2026-04-15,601318,13:41:03,58.6400,59,1
2026-04-15,601318,13:41:06,58.6500,230,1
2026-04-15,601318,13:41:09,58.6500,128,2
2026-04-15,601318,13:41:11,58.6600,56,1
2026-04-15,601318,13:41:15,58.6400,50,2
2026-04-15,601318,13:41:17,58.6400,26,2
2026-04-15,601318,13:41:20,58.6400,29,2
2026-04-15,601318,13:41:23,58.6500,29,1
2026-04-15,601318,13:41:27,58.6400,59,2
2026-04-15,601318,13:41:30,58.6500,12,1
2026-04-15,601318,13:41:33,58.6500,32,1
2026-04-15,601318,13:41:36,58.6500,4,1
2026-04-15,601318,13:41:38,58.6500,40,1
2026-04-15,601318,13:41:41,58.6500,57,1
2026-04-15,601318,13:41:45,58.6500,22,1
2026-04-15,601318,13:41:48,58.6500,12,1
2026-04-15,601318,13:41:50,58.6500,60,1
2026-04-15,601318,13:41:54,58.6400,32,2
2026-04-15,601318,13:41:57,58.6500,55,1
2026-04-15,601318,13:41:59,58.6400,61,2
2026-04-15,601318,13:42:02,58.6500,35,1
2026-04-15,601318,13:42:06,58.6500,480,1
2026-04-15,601318,13:42:08,58.6600,341,1
2026-04-15,601318,13:42:12,58.6500,285,2
2026-04-15,601318,13:42:15,58.6500,67,2
2026-04-15,601318,13:42:17,58.6500,93,2
2026-04-15,601318,13:42:21,58.6300,113,2
2026-04-15,601318,13:42:23,58.6500,73,1
2026-04-15,601318,13:42:27,58.6500,41,1
2026-04-15,601318,13:42:30,58.6500,55,1
2026-04-15,601318,13:42:32,58.6500,29,1
2026-04-15,601318,13:42:36,58.6400,38,2
2026-04-15,601318,13:42:39,58.6400,71,2
2026-04-15,601318,13:42:42,58.6400,172,1
2026-04-15,601318,13:42:45,58.6400,58,2
2026-04-15,601318,13:42:48,58.6500,18,1
2026-04-15,601318,13:42:51,58.6500,46,1
2026-04-15,601318,13:42:54,58.6400,55,2
2026-04-15,601318,13:42:57,58.6400,42,2
2026-04-15,601318,13:43:00,58.6500,68,1
2026-04-15,601318,13:43:02,58.6400,32,2
2026-04-15,601318,13:43:06,58.6500,46,1
2026-04-15,601318,13:43:08,58.6500,7,1
2026-04-15,601318,13:43:12,58.6500,28,1
2026-04-15,601318,13:43:14,58.6500,14,1
2026-04-15,601318,13:43:17,58.6500,36,1
2026-04-15,601318,13:43:20,58.6500,149,1
2026-04-15,601318,13:43:24,58.6400,30,2
2026-04-15,601318,13:43:27,58.6500,29,1
2026-04-15,601318,13:43:29,58.6400,26,2
2026-04-15,601318,13:43:33,58.6600,47,1
2026-04-15,601318,13:43:35,58.6400,42,2
2026-04-15,601318,13:43:39,58.6400,24,2
2026-04-15,601318,13:43:42,58.6400,73,2
2026-04-15,601318,13:43:44,58.6400,24,2
2026-04-15,601318,13:43:48,58.6500,51,1
2026-04-15,601318,13:43:51,58.6500,25,1
2026-04-15,601318,13:43:54,58.6500,62,1
2026-04-15,601318,13:43:57,58.6500,8,1
2026-04-15,601318,13:44:00,58.6400,37,2
2026-04-15,601318,13:44:02,58.6400,40,2
2026-04-15,601318,13:44:05,58.6400,56,2
2026-04-15,601318,13:44:08,58.6500,24,1
2026-04-15,601318,13:44:12,58.6400,53,2
2026-04-15,601318,13:44:15,58.6400,142,2
2026-04-15,601318,13:44:17,58.6500,10,1
2026-04-15,601318,13:44:21,58.6400,55,2
2026-04-15,601318,13:44:23,58.6500,2,1
2026-04-15,601318,13:44:27,58.6500,84,1
2026-04-15,601318,13:44:29,58.6400,24,2
2026-04-15,601318,13:44:33,58.6500,222,1
2026-04-15,601318,13:44:36,58.6500,48,2
2026-04-15,601318,13:44:39,58.6500,59,1
2026-04-15,601318,13:44:41,58.6500,62,1
2026-04-15,601318,13:44:45,58.6500,5,1
2026-04-15,601318,13:44:47,58.6500,41,1
2026-04-15,601318,13:44:51,58.6500,81,1
2026-04-15,601318,13:44:53,58.6500,49,1
2026-04-15,601318,13:44:57,58.6400,26,2
2026-04-15,601318,13:45:00,58.6400,69,2
2026-04-15,601318,13:45:02,58.6400,42,2
2026-04-15,601318,13:45:06,58.6500,123,1
2026-04-15,601318,13:45:08,58.6400,70,2
2026-04-15,601318,13:45:12,58.6500,31,1
2026-04-15,601318,13:45:15,58.6500,8,1
2026-04-15,601318,13:45:17,58.6400,122,2
2026-04-15,601318,13:45:21,58.6500,33,1
2026-04-15,601318,13:45:24,58.6300,291,2
2026-04-15,601318,13:45:27,58.6300,22,2
2026-04-15,601318,13:45:30,58.6300,40,2
2026-04-15,601318,13:45:33,58.6400,28,1
2026-04-15,601318,13:45:36,58.6300,74,2
2026-04-15,601318,13:45:38,58.6400,21,1
2026-04-15,601318,13:45:42,58.6400,24,1
2026-04-15,601318,13:45:44,58.6400,16,1
2026-04-15,601318,13:45:47,58.6300,9,2
2026-04-15,601318,13:45:51,58.6300,26,2
2026-04-15,601318,13:45:53,58.6300,74,2
2026-04-15,601318,13:45:56,58.6400,116,1
2026-04-15,601318,13:45:59,58.6300,21,2
2026-04-15,601318,13:46:02,58.6400,160,1
2026-04-15,601318,13:46:06,58.6300,41,2
2026-04-15,601318,13:46:08,58.6400,36,1
2026-04-15,601318,13:46:12,58.6400,66,2
2026-04-15,601318,13:46:14,58.6400,12,2
2026-04-15,601318,13:46:18,58.6500,18,1
2026-04-15,601318,13:46:21,58.6400,21,2
2026-04-15,601318,13:46:24,58.6400,96,2
2026-04-15,601318,13:46:27,58.6500,143,1
2026-04-15,601318,13:46:29,58.6400,59,2
2026-04-15,601318,13:46:32,58.6500,10,1
2026-04-15,601318,13:46:36,58.6400,44,2
2026-04-15,601318,13:46:39,58.6400,21,2
2026-04-15,601318,13:46:41,58.6500,40,1
2026-04-15,601318,13:46:44,58.6400,42,2
2026-04-15,601318,13:46:47,58.6500,183,1
2026-04-15,601318,13:46:50,58.6400,120,2
2026-04-15,601318,13:46:53,58.6500,84,1
2026-04-15,601318,13:46:57,58.6300,26,2
2026-04-15,601318,13:46:59,58.6400,39,1
2026-04-15,601318,13:47:03,58.6400,60,1
2026-04-15,601318,13:47:06,58.6400,282,2
2026-04-15,601318,13:47:08,58.6500,6,1
2026-04-15,601318,13:47:12,58.6400,11,2
2026-04-15,601318,13:47:14,58.6500,40,1
2026-04-15,601318,13:47:18,58.6400,9,2
2026-04-15,601318,13:47:21,58.6400,19,2
2026-04-15,601318,13:47:24,58.6400,88,2
2026-04-15,601318,13:47:26,58.6400,25,2
2026-04-15,601318,13:47:29,58.6400,47,2
2026-04-15,601318,13:47:32,58.6400,41,1
2026-04-15,601318,13:47:36,58.6300,14,2
2026-04-15,601318,13:47:39,58.6400,44,1
2026-04-15,601318,13:47:42,58.6400,10,1
2026-04-15,601318,13:47:44,58.6400,11,1
2026-04-15,601318,13:47:48,58.6300,63,2
2026-04-15,601318,13:47:51,58.6300,6,2
2026-04-15,601318,13:47:53,58.6300,31,2
2026-04-15,601318,13:47:57,58.6400,72,1
2026-04-15,601318,13:48:00,58.6300,27,2
2026-04-15,601318,13:48:03,58.6400,71,1
2026-04-15,601318,13:48:05,58.6200,603,2
2026-04-15,601318,13:48:08,58.6400,18,1
2026-04-15,601318,13:48:12,58.6200,28,2
2026-04-15,601318,13:48:15,58.6200,32,2
2026-04-15,601318,13:48:17,58.6200,14,2
2026-04-15,601318,13:48:21,58.6300,10,1
2026-04-15,601318,13:48:24,58.6300,38,1
2026-04-15,601318,13:48:26,58.6300,96,1
2026-04-15,601318,13:48:30,58.6200,65,2
2026-04-15,601318,13:48:33,58.6200,41,2
2026-04-15,601318,13:48:36,58.6300,76,1
2026-04-15,601318,13:48:39,58.6300,70,1
2026-04-15,601318,13:48:41,58.6300,19,1
2026-04-15,601318,13:48:45,58.6200,68,2
2026-04-15,601318,13:48:47,58.6200,22,2
2026-04-15,601318,13:48:51,58.6200,82,2
2026-04-15,601318,13:48:54,58.6300,130,1
2026-04-15,601318,13:48:57,58.6200,57,2
2026-04-15,601318,13:49:00,58.6400,954,1
2026-04-15,601318,13:49:03,58.6400,213,2
2026-04-15,601318,13:49:05,58.6500,48,1
2026-04-15,601318,13:49:12,58.6500,4,1
2026-04-15,601318,13:49:14,58.6500,6,1
2026-04-15,601318,13:49:18,58.6500,14,1
2026-04-15,601318,13:49:20,58.6500,95,1
2026-04-15,601318,13:49:24,58.6500,30,1
2026-04-15,601318,13:49:27,58.6500,40,1
2026-04-15,601318,13:49:30,58.6400,78,2
2026-04-15,601318,13:49:33,58.6500,77,1
2026-04-15,601318,13:49:35,58.6500,24,1
2026-04-15,601318,13:49:39,58.6500,15,1
2026-04-15,601318,13:49:42,58.6400,2,2
2026-04-15,601318,13:49:45,58.6500,51,1
2026-04-15,601318,13:49:48,58.6400,53,2
2026-04-15,601318,13:49:51,58.6400,10,2
2026-04-15,601318,13:49:54,58.6500,29,1
2026-04-15,601318,13:49:57,58.6500,25,1
2026-04-15,601318,13:49:59,58.6500,39,1
2026-04-15,601318,13:50:02,58.6400,169,2
2026-04-15,601318,13:50:06,58.6500,37,1
2026-04-15,601318,13:50:08,58.6500,18,1
2026-04-15,601318,13:50:12,58.6500,181,1
2026-04-15,601318,13:50:15,58.6500,59,1
2026-04-15,601318,13:50:18,58.6400,9,2
2026-04-15,601318,13:50:21,58.6500,32,1
2026-04-15,601318,13:50:23,58.6500,58,1
2026-04-15,601318,13:50:27,58.6500,30,1
2026-04-15,601318,13:50:30,58.6500,72,1
2026-04-15,601318,13:50:32,58.6500,69,1
2026-04-15,601318,13:50:36,58.6500,19,2
2026-04-15,601318,13:50:38,58.6600,17,1
2026-04-15,601318,13:50:41,58.6500,52,2
2026-04-15,601318,13:50:44,58.6500,66,2
2026-04-15,601318,13:50:48,58.6600,29,1
2026-04-15,601318,13:50:51,58.6600,180,1
2026-04-15,601318,13:50:53,58.6700,121,1
2026-04-15,601318,13:50:57,58.6700,107,1
2026-04-15,601318,13:51:00,58.6700,61,2
2026-04-15,601318,13:51:02,58.6700,4,2
2026-04-15,601318,13:51:05,58.6800,30,1
2026-04-15,601318,13:51:08,58.6800,16,1
2026-04-15,601318,13:51:12,58.6700,20,2
2026-04-15,601318,13:51:14,58.6700,179,2
2026-04-15,601318,13:51:18,58.6800,103,1
2026-04-15,601318,13:51:21,58.6800,80,1
2026-04-15,601318,13:51:23,58.6800,47,1
2026-04-15,601318,13:51:27,58.6700,36,2
2026-04-15,601318,13:51:29,58.6800,64,1
2026-04-15,601318,13:51:33,58.6800,70,1
2026-04-15,601318,13:51:36,58.6800,31,1
2026-04-15,601318,13:51:39,58.6900,48,1
2026-04-15,601318,13:51:41,58.6900,8,1
2026-04-15,601318,13:51:44,58.6800,69,2
2026-04-15,601318,13:51:47,58.6900,10,1
2026-04-15,601318,13:51:50,58.6800,176,2
2026-04-15,601318,13:51:54,58.6700,263,2
2026-04-15,601318,13:51:57,58.6700,153,2
2026-04-15,601318,13:51:59,58.6800,125,1
2026-04-15,601318,13:52:03,58.6700,142,2
2026-04-15,601318,13:52:05,58.6800,15,1
2026-04-15,601318,13:52:09,58.6800,18,1
2026-04-15,601318,13:52:12,58.6800,56,1
2026-04-15,601318,13:52:14,58.6800,17,1
2026-04-15,601318,13:52:18,58.6700,367,2
2026-04-15,601318,13:52:21,58.6600,11,2
2026-04-15,601318,13:52:24,58.6600,22,2
2026-04-15,601318,13:52:26,58.6700,32,1
2026-04-15,601318,13:52:29,58.6700,10,1
2026-04-15,601318,13:52:32,58.6600,31,2
2026-04-15,601318,13:52:36,58.6600,52,2
2026-04-15,601318,13:52:39,58.6600,29,2
2026-04-15,601318,13:52:41,58.6600,126,2
2026-04-15,601318,13:52:44,58.6500,120,2
2026-04-15,601318,13:52:47,58.6600,22,1
2026-04-15,601318,13:52:51,58.6600,11,1
2026-04-15,601318,13:52:54,58.6600,38,1
2026-04-15,601318,13:52:57,58.6500,30,2
2026-04-15,601318,13:53:00,58.6600,5,1
2026-04-15,601318,13:53:03,58.6600,33,1
2026-04-15,601318,13:53:05,58.6600,16,1
2026-04-15,601318,13:53:08,58.6600,7,1
2026-04-15,601318,13:53:12,58.6600,7,1
2026-04-15,601318,13:53:15,58.6600,11,1
2026-04-15,601318,13:53:18,58.6600,21,1
2026-04-15,601318,13:53:21,58.6500,110,2
2026-04-15,601318,13:53:24,58.6600,4,1
2026-04-15,601318,13:53:27,58.6500,27,2
2026-04-15,601318,13:53:30,58.6600,30,1
2026-04-15,601318,13:53:32,58.6600,22,1
2026-04-15,601318,13:53:36,58.6500,268,2
2026-04-15,601318,13:53:38,58.6400,2,2
2026-04-15,601318,13:53:42,58.6500,6,1
2026-04-15,601318,13:53:44,58.6500,80,1
2026-04-15,601318,13:53:47,58.6400,17,2
2026-04-15,601318,13:53:50,58.6400,7,2
2026-04-15,601318,13:53:54,58.6400,74,2
2026-04-15,601318,13:53:57,58.6500,23,1
2026-04-15,601318,13:54:00,58.6400,25,2
2026-04-15,601318,13:54:02,58.6400,20,2
2026-04-15,601318,13:54:06,58.6400,104,2
2026-04-15,601318,13:54:08,58.6500,8,1
2026-04-15,601318,13:54:12,58.6500,1,1
2026-04-15,601318,13:54:15,58.6500,52,1
2026-04-15,601318,13:54:17,58.6400,16,2
2026-04-15,601318,13:54:20,58.6500,29,1
2026-04-15,601318,13:54:24,58.6500,249,1
2026-04-15,601318,13:54:26,58.6500,251,1
2026-04-15,601318,13:54:30,58.6600,2,1
2026-04-15,601318,13:54:32,58.6500,42,2
2026-04-15,601318,13:54:36,58.6500,16,2
2026-04-15,601318,13:54:39,58.6500,13,2
2026-04-15,601318,13:54:41,58.6600,8,1
2026-04-15,601318,13:54:44,58.6500,27,2
2026-04-15,601318,13:54:51,58.6600,64,1
2026-04-15,601318,13:54:54,58.6500,9,2
2026-04-15,601318,13:54:57,58.6600,71,1
2026-04-15,601318,13:54:59,58.6600,47,1
2026-04-15,601318,13:55:02,58.6600,81,1
2026-04-15,601318,13:55:06,58.6600,22,1
2026-04-15,601318,13:55:09,58.6500,190,2
2026-04-15,601318,13:55:11,58.6600,40,1
2026-04-15,601318,13:55:15,58.6700,168,1
2026-04-15,601318,13:55:18,58.6600,80,2
2026-04-15,601318,13:55:21,58.6700,8,1
2026-04-15,601318,13:55:24,58.6700,15,1
2026-04-15,601318,13:55:26,58.6700,309,1
2026-04-15,601318,13:55:29,58.6700,33,1
2026-04-15,601318,13:55:32,58.6700,43,1
2026-04-15,601318,13:55:36,58.6700,53,1
2026-04-15,601318,13:55:39,58.6700,23,1
2026-04-15,601318,13:55:41,58.6700,9,1
2026-04-15,601318,13:55:44,58.6700,52,1
2026-04-15,601318,13:55:47,58.6700,33,1
2026-04-15,601318,13:55:51,58.6600,163,2
2026-04-15,601318,13:55:54,58.6700,46,1
2026-04-15,601318,13:55:56,58.6800,86,1
2026-04-15,601318,13:56:00,58.6700,121,2
2026-04-15,601318,13:56:02,58.6700,43,2
2026-04-15,601318,13:56:06,58.6800,34,1
2026-04-15,601318,13:56:08,58.6900,44,1
2026-04-15,601318,13:56:12,58.6900,20,1
2026-04-15,601318,13:56:14,58.7000,161,1
2026-04-15,601318,13:56:18,58.7000,112,1
2026-04-15,601318,13:56:21,58.7100,4,1
2026-04-15,601318,13:56:24,58.7000,38,2
2026-04-15,601318,13:56:27,58.7100,52,1
2026-04-15,601318,13:56:29,58.7100,96,1
2026-04-15,601318,13:56:32,58.7100,221,1
2026-04-15,601318,13:56:35,58.7100,6,1
2026-04-15,601318,13:56:38,58.7100,357,1
2026-04-15,601318,13:56:41,58.7000,45,2
2026-04-15,601318,13:56:44,58.7200,275,1
2026-04-15,601318,13:56:48,58.7100,12,2
2026-04-15,601318,13:56:51,58.7100,30,2
2026-04-15,601318,13:56:54,58.7100,15,2
2026-04-15,601318,13:56:56,58.7100,36,2
2026-04-15,601318,13:56:59,58.7200,54,1
2026-04-15,601318,13:57:03,58.7100,77,2
2026-04-15,601318,13:57:06,58.7100,52,2
2026-04-15,601318,13:57:08,58.7200,17,1
2026-04-15,601318,13:57:11,58.7100,42,4
2026-04-15,601318,13:57:15,58.7000,50,2
2026-04-15,601318,13:57:17,58.7000,22,2
2026-04-15,601318,13:57:21,58.7200,13,1
2026-04-15,601318,13:57:24,58.7100,14,4
2026-04-15,601318,13:57:26,58.7100,12,1
2026-04-15,601318,13:57:30,58.7100,12,1
2026-04-15,601318,13:57:32,58.7100,41,1
2026-04-15,601318,13:57:35,58.7100,20,1
2026-04-15,601318,13:57:42,58.7100,34,1
2026-04-15,601318,13:57:45,58.7100,59,1
2026-04-15,601318,13:57:47,58.7100,29,1
2026-04-15,601318,13:57:50,58.7000,71,2
2026-04-15,601318,13:57:53,58.7100,20,4
2026-04-15,601318,13:57:57,58.7100,53,2
2026-04-15,601318,13:58:02,58.7100,38,2
2026-04-15,601318,13:58:06,58.7100,7,2
2026-04-15,601318,13:58:09,58.7100,115,2
2026-04-15,601318,13:58:12,58.7100,17,1
2026-04-15,601318,13:58:15,58.7000,55,2
2026-04-15,601318,13:58:17,58.7100,47,1
2026-04-15,601318,13:58:24,58.7000,35,2
2026-04-15,601318,13:58:27,58.7100,25,1
2026-04-15,601318,13:58:29,58.7000,15,2
2026-04-15,601318,13:58:32,58.7000,24,2
2026-04-15,601318,13:58:36,58.7100,22,1
2026-04-15,601318,13:58:38,58.7000,20,2
2026-04-15,601318,13:58:41,58.7100,200,1
2026-04-15,601318,13:58:44,58.7000,22,2
2026-04-15,601318,13:58:47,58.7100,21,1
2026-04-15,601318,13:58:51,58.7000,3,2
2026-04-15,601318,13:58:53,58.7100,14,1
2026-04-15,601318,13:58:56,58.7000,43,2
2026-04-15,601318,13:58:59,58.7100,38,1
2026-04-15,601318,13:59:02,58.7100,66,1
2026-04-15,601318,13:59:06,58.7100,23,1
2026-04-15,601318,13:59:08,58.7000,12,2
2026-04-15,601318,13:59:11,58.7100,81,1
2026-04-15,601318,13:59:14,58.7000,19,2
2026-04-15,601318,13:59:17,58.7000,17,2
2026-04-15,601318,13:59:21,58.7100,150,1
2026-04-15,601318,13:59:24,58.7000,21,2
2026-04-15,601318,13:59:27,58.7100,76,1
2026-04-15,601318,13:59:29,58.7000,44,2
2026-04-15,601318,13:59:32,58.7100,99,1
2026-04-15,601318,13:59:36,58.7100,42,1
2026-04-15,601318,13:59:38,58.7000,28,2
2026-04-15,601318,13:59:42,58.7000,94,2
2026-04-15,601318,13:59:44,58.7100,26,1
2026-04-15,601318,13:59:48,58.7100,19,1
2026-04-15,601318,13:59:51,58.7100,17,1
2026-04-15,601318,13:59:54,58.7100,8,1
2026-04-15,601318,13:59:57,58.7000,24,2
2026-04-15,601318,14:00:00,58.7000,19,2
2026-04-15,601318,14:00:02,58.7000,56,2
2026-04-15,601318,14:00:06,58.7000,3,2
2026-04-15,601318,14:00:08,58.7000,7,2
2026-04-15,601318,14:00:11,58.7100,99,1
2026-04-15,601318,14:00:15,58.7000,54,2
2026-04-15,601318,14:00:18,58.7000,12,2
2026-04-15,601318,14:00:20,58.7000,33,2
2026-04-15,601318,14:00:23,58.7100,41,1
2026-04-15,601318,14:00:26,58.7100,652,1
2026-04-15,601318,14:00:30,58.7100,44,1
2026-04-15,601318,14:00:33,58.6900,150,2
2026-04-15,601318,14:00:36,58.6900,137,2
2026-04-15,601318,14:00:39,58.6900,67,2
2026-04-15,601318,14:00:41,58.7100,75,1
2026-04-15,601318,14:00:44,58.7000,89,4
2026-04-15,601318,14:00:48,58.7100,29,1
2026-04-15,601318,14:00:50,58.7100,140,1
2026-04-15,601318,14:00:54,58.7100,21,4
2026-04-15,601318,14:00:56,58.7100,38,2
2026-04-15,601318,14:01:00,58.7200,140,1
2026-04-15,601318,14:01:02,58.7300,69,1
2026-04-15,601318,14:01:06,58.7400,127,1
2026-04-15,601318,14:01:08,58.7300,130,2
2026-04-15,601318,14:01:12,58.7300,43,2
2026-04-15,601318,14:01:15,58.7200,164,2
2026-04-15,601318,14:01:17,58.7200,21,2
2026-04-15,601318,14:01:20,58.7300,32,1
2026-04-15,601318,14:01:23,58.7300,97,1
2026-04-15,601318,14:01:27,58.7300,57,2
2026-04-15,601318,14:01:29,58.7400,16,1
2026-04-15,601318,14:01:32,58.7400,21,2
2026-04-15,601318,14:01:36,58.7400,17,2
2026-04-15,601318,14:01:38,58.7500,7,1
2026-04-15,601318,14:01:41,58.7400,104,2
2026-04-15,601318,14:01:44,58.7400,50,2
2026-04-15,601318,14:01:47,58.7500,6,1
2026-04-15,601318,14:01:51,58.7500,30,1
2026-04-15,601318,14:01:53,58.7500,61,1
2026-04-15,601318,14:01:57,58.7500,37,2
2026-04-15,601318,14:01:59,58.7500,102,1
2026-04-15,601318,14:02:02,58.7500,26,1
2026-04-15,601318,14:02:05,58.7400,1,2
2026-04-15,601318,14:02:09,58.7500,152,1
2026-04-15,601318,14:02:12,58.7400,42,2
2026-04-15,601318,14:02:14,58.7500,33,1
2026-04-15,601318,14:02:18,58.7500,52,2
2026-04-15,601318,14:02:21,58.7500,41,2
2026-04-15,601318,14:02:23,58.7500,29,2
2026-04-15,601318,14:02:27,58.7500,39,2
2026-04-15,601318,14:02:29,58.7600,81,1
2026-04-15,601318,14:02:33,58.7500,3,2
2026-04-15,601318,14:02:35,58.7600,35,1
2026-04-15,601318,14:02:39,58.7600,18,1
2026-04-15,601318,14:02:42,58.7600,4,1
2026-04-15,601318,14:02:45,58.7600,260,1
2026-04-15,601318,14:02:48,58.7500,101,2
2026-04-15,601318,14:02:51,58.7600,68,1
2026-04-15,601318,14:02:53,58.7500,10,2
2026-04-15,601318,14:02:57,58.7600,54,1
2026-04-15,601318,14:03:00,58.7500,47,2
2026-04-15,601318,14:03:02,58.7600,42,1
2026-04-15,601318,14:03:06,58.7500,43,2
2026-04-15,601318,14:03:08,58.7600,12,1
2026-04-15,601318,14:03:11,58.7500,73,2
2026-04-15,601318,14:03:15,58.7500,34,2
2026-04-15,601318,14:03:18,58.7600,179,1
2026-04-15,601318,14:03:20,58.7600,51,2
2026-04-15,601318,14:03:23,58.7700,2,1
2026-04-15,601318,14:03:27,58.7600,37,2
2026-04-15,601318,14:03:30,58.7700,9,1
2026-04-15,601318,14:03:32,58.7600,23,2
2026-04-15,601318,14:03:36,58.7700,24,1
2026-04-15,601318,14:03:38,58.7700,16,1
2026-04-15,601318,14:03:42,58.7700,7,1
2026-04-15,601318,14:03:45,58.7700,83,1
2026-04-15,601318,14:03:47,58.7600,51,2
2026-04-15,601318,14:03:50,58.7700,102,1
2026-04-15,601318,14:03:53,58.7800,82,1
2026-04-15,601318,14:03:57,58.7900,76,1
2026-04-15,601318,14:03:59,58.7900,89,1
2026-04-15,601318,14:04:03,58.7800,63,2
2026-04-15,601318,14:04:05,58.7800,70,2
2026-04-15,601318,14:04:09,58.8000,25,1
2026-04-15,601318,14:04:11,58.7900,37,2
2026-04-15,601318,14:04:14,58.8200,29,1
2026-04-15,601318,14:04:18,58.8000,59,2
2026-04-15,601318,14:04:20,58.8000,17,1
2026-04-15,601318,14:04:23,58.7900,11,2
2026-04-15,601318,14:04:26,58.7900,62,2
2026-04-15,601318,14:04:29,58.8000,32,1
2026-04-15,601318,14:04:33,58.7900,12,2
2026-04-15,601318,14:04:35,58.7800,288,2
2026-04-15,601318,14:04:38,58.7900,86,1
2026-04-15,601318,14:04:41,58.7900,55,1
2026-04-15,601318,14:04:45,58.7700,104,2
2026-04-15,601318,14:04:48,58.7800,27,1
2026-04-15,601318,14:04:50,58.7800,25,1
2026-04-15,601318,14:04:54,58.7800,51,1
2026-04-15,601318,14:04:57,58.7700,27,2
2026-04-15,601318,14:04:59,58.7800,88,1
2026-04-15,601318,14:05:03,58.7700,40,2
2026-04-15,601318,14:05:06,58.7700,1,2
2026-04-15,601318,14:05:09,58.7700,13,2
2026-04-15,601318,14:05:11,58.7700,71,2
2026-04-15,601318,14:05:15,58.7800,68,1
2026-04-15,601318,14:05:18,58.7700,47,2
2026-04-15,601318,14:05:21,58.7800,21,1
2026-04-15,601318,14:05:23,58.7600,130,2
2026-04-15,601318,14:05:27,58.7800,108,1
2026-04-15,601318,14:05:30,58.7700,20,2
2026-04-15,601318,14:05:33,58.7700,58,2
2026-04-15,601318,14:05:36,58.7800,36,1
2026-04-15,601318,14:05:39,58.7700,17,2
2026-04-15,601318,14:05:42,58.7700,13,2
2026-04-15,601318,14:05:45,58.7700,117,2
2026-04-15,601318,14:05:47,58.7700,48,2
2026-04-15,601318,14:05:51,58.7700,10,2
2026-04-15,601318,14:05:53,58.7800,17,1
2026-04-15,601318,14:05:57,58.7800,115,1
2026-04-15,601318,14:06:00,58.7700,32,2
2026-04-15,601318,14:06:03,58.7800,164,1
2026-04-15,601318,14:06:05,58.7700,36,1
2026-04-15,601318,14:06:08,58.7700,7,1
2026-04-15,601318,14:06:11,58.7700,42,1
2026-04-15,601318,14:06:14,58.7600,32,2
2026-04-15,601318,14:06:18,58.7600,194,2
2026-04-15,601318,14:06:20,58.7600,42,2
2026-04-15,601318,14:06:24,58.7500,62,2
2026-04-15,601318,14:06:27,58.7500,16,2
2026-04-15,601318,14:06:30,58.7500,73,2
2026-04-15,601318,14:06:32,58.7500,28,2
2026-04-15,601318,14:06:36,58.7500,44,2
2026-04-15,601318,14:06:38,58.7500,125,2
2026-04-15,601318,14:06:41,58.7600,310,1
2026-04-15,601318,14:06:44,58.7500,96,4
2026-04-15,601318,10:55:45,59.0000,546,2
2026-04-15,601318,10:55:48,59.0000,177,1
2026-04-15,601318,10:55:51,58.9900,37,2
2026-04-15,601318,10:55:53,59.0000,109,1
2026-04-15,601318,10:55:56,59.0000,157,1
2026-04-15,601318,10:56:03,58.9900,89,1
2026-04-15,601318,10:56:06,58.9900,15,1
2026-04-15,601318,10:56:09,59.0000,33,1
2026-04-15,601318,10:56:12,58.9900,25,2
2026-04-15,601318,10:56:14,59.0000,12,1
2026-04-15,601318,10:56:18,59.0000,10,1
2026-04-15,601318,10:56:20,58.9900,4,2
2026-04-15,601318,10:56:23,58.9900,71,4
2026-04-15,601318,10:56:27,58.9800,8,2
2026-04-15,601318,10:56:29,58.9800,24,2
2026-04-15,601318,10:56:33,58.9900,17,1
2026-04-15,601318,10:56:35,59.0000,12,1
2026-04-15,601318,10:56:38,58.9900,1,2
2026-04-15,601318,10:56:42,58.9900,10,2
2026-04-15,601318,10:56:45,58.9900,29,2
2026-04-15,601318,10:56:47,59.0000,42,1
2026-04-15,601318,10:56:51,58.9900,27,2
2026-04-15,601318,10:56:53,59.0000,47,2
2026-04-15,601318,10:56:57,59.0000,120,2
2026-04-15,601318,10:56:59,59.0100,33,1
2026-04-15,601318,10:57:02,58.9900,81,2
2026-04-15,601318,10:57:06,58.9900,13,2
2026-04-15,601318,10:57:09,58.9900,53,2
2026-04-15,601318,10:57:12,58.9900,43,2
2026-04-15,601318,10:57:14,59.0000,26,1
2026-04-15,601318,10:57:17,59.0000,7,1
2026-04-15,601318,10:57:20,59.0000,36,1
2026-04-15,601318,10:57:23,59.0000,27,1
2026-04-15,601318,10:57:27,59.0000,14,1
2026-04-15,601318,10:57:29,59.0000,17,1
2026-04-15,601318,10:57:32,58.9900,2,2
2026-04-15,601318,10:57:35,59.0000,20,1
2026-04-15,601318,10:57:38,59.0100,419,1
2026-04-15,601318,10:57:42,59.0200,37,1
2026-04-15,601318,10:57:45,59.0300,13,1
2026-04-15,601318,10:57:47,59.0300,20,2
2026-04-15,601318,10:57:51,59.0400,62,1
2026-04-15,601318,10:57:54,59.0500,80,1
2026-04-15,601318,10:57:56,59.0500,13,1
2026-04-15,601318,10:58:00,59.0400,79,2
2026-04-15,601318,10:58:02,59.0500,101,4
2026-04-15,601318,10:58:06,59.0900,51,1
2026-04-15,601318,10:58:09,59.0900,155,1
2026-04-15,601318,10:58:12,59.0600,53,4
2026-04-15,601318,10:58:15,59.0800,81,1
2026-04-15,601318,10:58:18,59.0800,99,2
2026-04-15,601318,10:58:20,59.0500,28,2
2026-04-15,601318,10:58:24,59.0800,120,1
2026-04-15,601318,10:58:27,59.0500,103,2
2026-04-15,601318,10:58:29,59.0600,63,2
2026-04-15,601318,10:58:33,59.0600,87,2
2026-04-15,601318,10:58:36,59.0600,125,2
2026-04-15,601318,10:58:38,59.0900,86,1
2026-04-15,601318,10:58:41,59.0600,27,2
2026-04-15,601318,10:58:45,59.0600,81,2
2026-04-15,601318,10:58:48,59.0500,74,2
2026-04-15,601318,10:58:51,59.0700,52,1
2026-04-15,601318,10:58:53,59.0600,109,2
2026-04-15,601318,10:58:57,59.0500,59,2
2026-04-15,601318,10:59:00,59.0600,71,1
2026-04-15,601318,10:59:03,59.0600,19,4
2026-04-15,601318,10:59:06,59.0500,198,2
2026-04-15,601318,10:59:08,59.0400,78,2
2026-04-15,601318,10:59:11,59.0000,65,2
2026-04-15,601318,10:59:14,59.0100,44,1
2026-04-15,601318,10:59:18,59.0100,6,2
2026-04-15,601318,10:59:21,59.0100,35,2
2026-04-15,601318,10:59:24,59.0100,124,1
2026-04-15,601318,10:59:27,59.0100,29,1
2026-04-15,601318,10:59:29,59.0100,4,1
2026-04-15,601318,10:59:33,59.0000,23,2
2026-04-15,601318,10:59:35,59.0100,36,1
2026-04-15,601318,10:59:39,59.0100,77,1
2026-04-15,601318,10:59:41,59.0000,1,2
2026-04-15,601318,10:59:45,59.0100,98,1
2026-04-15,601318,10:59:48,59.0100,22,1
2026-04-15,601318,10:59:50,59.0100,33,2
2026-04-15,601318,10:59:53,59.0000,122,2
2026-04-15,601318,10:59:57,59.0000,507,2
2026-04-15,601318,10:59:59,58.9900,129,1
2026-04-15,601318,11:00:03,58.9700,64,2
2026-04-15,601318,11:00:05,58.9600,310,2
2026-04-15,601318,11:00:08,58.9800,65,1
2026-04-15,601318,11:00:12,58.9600,41,2
2026-04-15,601318,11:00:15,58.9600,19,2
2026-04-15,601318,11:00:17,58.9600,28,2
2026-04-15,601318,11:00:20,58.9600,14,2
2026-04-15,601318,11:00:24,58.9700,60,1
2026-04-15,601318,11:00:27,58.9700,48,2
2026-04-15,601318,11:00:30,58.9600,21,2
2026-04-15,601318,11:00:33,58.9600,46,2
2026-04-15,601318,11:00:36,58.9700,22,1
2026-04-15,601318,11:00:39,58.9700,6,1
2026-04-15,601318,11:00:42,58.9600,25,2
2026-04-15,601318,11:00:45,58.9600,208,2
2026-04-15,601318,11:00:47,58.9500,30,2
2026-04-15,601318,11:00:51,58.9500,140,2
2026-04-15,601318,11:00:53,58.9500,43,2
2026-04-15,601318,11:00:56,58.9500,276,2
2026-04-15,601318,11:01:00,58.9500,8,1
2026-04-15,601318,11:01:03,58.9400,42,2
2026-04-15,601318,11:01:05,58.9500,60,1
2026-04-15,601318,11:01:08,58.9500,31,2
2026-04-15,601318,11:01:11,58.9500,42,2
2026-04-15,601318,11:01:14,58.9500,82,2
2026-04-15,601318,11:01:17,58.9600,35,1
2026-04-15,601318,11:01:21,58.9500,103,2
2026-04-15,601318,11:01:24,58.9500,21,2
2026-04-15,601318,11:01:26,58.9600,8,1
2026-04-15,601318,11:01:30,58.9500,10,2
2026-04-15,601318,11:01:33,58.9600,27,1
2026-04-15,601318,11:01:36,58.9700,12,1
2026-04-15,601318,11:01:39,58.9600,19,2
2026-04-15,601318,11:01:41,58.9500,30,2
2026-04-15,601318,11:01:44,58.9500,14,2
2026-04-15,601318,11:01:47,58.9500,62,2
2026-04-15,601318,11:01:51,58.9400,18,2
2026-04-15,601318,11:01:53,58.9400,14,2
2026-04-15,601318,11:01:57,58.9400,55,2
2026-04-15,601318,11:02:00,58.9400,5,2
2026-04-15,601318,11:02:03,58.9400,129,2
2026-04-15,601318,11:02:05,58.9400,40,2
2026-04-15,601318,11:02:08,58.9400,57,2
2026-04-15,601318,11:02:12,58.9400,12,2
2026-04-15,601318,11:02:15,58.9400,70,2
2026-04-15,601318,11:02:17,58.9400,10,2
2026-04-15,601318,11:02:21,58.9400,51,2
2026-04-15,601318,11:02:23,58.9400,22,2
2026-04-15,601318,11:02:27,58.9500,53,1
2026-04-15,601318,11:02:30,58.9500,19,1
2026-04-15,601318,11:02:33,58.9500,317,1
2026-04-15,601318,11:02:36,58.9400,10,2
2026-04-15,601318,11:02:39,58.9400,4,2
2026-04-15,601318,11:02:41,58.9300,63,2
2026-04-15,601318,11:02:45,58.9500,34,1
2026-04-15,601318,11:02:48,58.9400,14,2
2026-04-15,601318,11:02:50,58.9300,28,2
2026-04-15,601318,11:02:54,58.9400,13,1
2026-04-15,601318,11:02:57,58.9400,6,1
2026-04-15,601318,11:02:59,58.9300,70,2
2026-04-15,601318,11:03:02,58.9300,88,2
2026-04-15,601318,11:03:05,58.9300,23,2
2026-04-15,601318,11:03:08,58.9300,29,2
2026-04-15,601318,11:03:11,58.9300,20,2
2026-04-15,601318,11:03:15,58.9300,41,2
2026-04-15,601318,11:03:18,58.9300,134,2
2026-04-15,601318,11:03:21,58.9300,66,2
2026-04-15,601318,11:03:24,58.9300,73,2
2026-04-15,601318,11:03:27,58.9300,21,2
2026-04-15,601318,11:03:30,58.9300,8,2
2026-04-15,601318,11:03:33,58.9300,50,2
2026-04-15,601318,11:03:36,58.9300,26,2
2026-04-15,601318,11:03:38,58.9300,17,2
2026-04-15,601318,11:03:42,58.9300,16,2
2026-04-15,601318,11:03:45,58.9300,8,2
2026-04-15,601318,11:03:47,58.9300,56,2
2026-04-15,601318,11:03:50,58.9300,18,2
2026-04-15,601318,11:03:53,58.9300,48,2
2026-04-15,601318,11:03:56,58.9300,48,2
2026-04-15,601318,11:04:00,58.9200,35,2
2026-04-15,601318,11:04:02,58.9300,317,1
2026-04-15,601318,11:04:05,58.9300,37,1
2026-04-15,601318,11:04:09,58.9200,38,2
2026-04-15,601318,11:04:12,58.9200,37,2
2026-04-15,601318,11:04:14,58.9300,42,1
2026-04-15,601318,11:04:18,58.9300,80,1
2026-04-15,601318,11:04:21,58.9200,51,2
2026-04-15,601318,11:04:23,58.9200,40,2
2026-04-15,601318,11:04:27,58.9200,43,2
2026-04-15,601318,11:04:30,58.9200,53,2
2026-04-15,601318,11:04:33,58.9300,40,1
2026-04-15,601318,11:04:36,58.9200,4,2
2026-04-15,601318,11:04:39,58.9200,29,2
2026-04-15,601318,11:04:42,58.9300,17,1
2026-04-15,601318,11:04:45,58.9200,8,2
2026-04-15,601318,11:04:48,58.9200,16,2
2026-04-15,601318,11:04:51,58.9200,83,2
2026-04-15,601318,11:04:54,58.9100,71,2
2026-04-15,601318,11:04:57,58.9200,10,1
2026-04-15,601318,11:04:59,58.9100,54,2
2026-04-15,601318,11:05:03,58.9100,33,2
2026-04-15,601318,11:05:06,58.9200,34,1
2026-04-15,601318,11:05:08,58.9200,19,1
2026-04-15,601318,11:05:12,58.9100,122,2
2026-04-15,601318,11:05:15,58.9100,53,2
2026-04-15,601318,11:05:18,58.9200,75,1
2026-04-15,601318,11:05:20,58.9100,25,2
2026-04-15,601318,11:05:23,58.9200,49,1
2026-04-15,601318,11:05:27,58.9200,160,1
2026-04-15,601318,11:05:29,58.9100,21,2
2026-04-15,601318,11:05:33,58.9200,57,1
2026-04-15,601318,11:05:36,58.9100,36,2
2026-04-15,601318,11:05:39,58.9100,72,2
2026-04-15,601318,11:05:41,58.9100,23,2
2026-04-15,601318,11:05:44,58.9100,47,2
2026-04-15,601318,11:05:48,58.9200,140,1
2026-04-15,601318,11:05:51,58.9100,58,2
2026-04-15,601318,11:05:54,58.9100,4,2
2026-04-15,601318,11:05:57,58.9200,14,1
2026-04-15,601318,11:06:00,58.9100,7,2
2026-04-15,601318,11:06:02,58.9100,26,2
2026-04-15,601318,11:06:06,58.9200,43,1
2026-04-15,601318,11:06:09,58.9100,70,2
2026-04-15,601318,11:06:12,58.9100,70,2
2026-04-15,601318,11:06:14,58.9200,316,1
2026-04-15,601318,11:06:17,58.9100,253,2
2026-04-15,601318,11:06:20,58.9000,58,2
2026-04-15,601318,11:06:23,58.9000,63,2
2026-04-15,601318,11:06:27,58.9000,82,2
2026-04-15,601318,11:06:30,58.9100,48,1
2026-04-15,601318,11:06:32,58.9000,83,2
2026-04-15,601318,11:06:35,58.9000,43,2
2026-04-15,601318,11:06:38,58.9000,19,2
2026-04-15,601318,11:06:41,58.9000,55,2
2026-04-15,601318,11:06:44,58.9000,48,2
2026-04-15,601318,11:06:48,58.9000,51,2
2026-04-15,601318,11:06:50,58.9000,77,2
2026-04-15,601318,11:06:54,58.9000,58,2
2026-04-15,601318,11:06:57,58.9000,112,2
2026-04-15,601318,11:07:00,58.9000,192,2
2026-04-15,601318,11:07:02,58.9100,39,1
2026-04-15,601318,11:07:06,58.9000,13,2
2026-04-15,601318,11:07:08,58.9100,43,1
2026-04-15,601318,11:07:11,58.9000,40,2
2026-04-15,601318,11:07:15,58.9300,695,1
2026-04-15,601318,11:07:17,58.9400,342,1
2026-04-15,601318,11:07:20,58.9600,149,1
2026-04-15,601318,11:07:24,58.9600,60,1
2026-04-15,601318,11:07:27,58.9700,86,1
2026-04-15,601318,11:07:30,58.9700,23,2
2026-04-15,601318,11:07:32,58.9700,188,2
2026-04-15,601318,11:07:36,58.9700,87,2
2026-04-15,601318,11:07:38,58.9700,16,1
2026-04-15,601318,11:07:41,58.9700,108,1
2026-04-15,601318,11:07:45,58.9700,26,2
2026-04-15,601318,11:07:47,58.9600,18,2
2026-04-15,601318,11:07:51,58.9500,202,2
2026-04-15,601318,11:07:54,58.9600,27,1
2026-04-15,601318,11:07:56,58.9500,86,2
2026-04-15,601318,11:08:00,58.9600,50,4
2026-04-15,601318,11:08:02,58.9500,121,2
2026-04-15,601318,11:08:06,58.9500,89,1
2026-04-15,601318,11:08:09,58.9500,132,1
2026-04-15,601318,11:08:12,58.9500,42,1
2026-04-15,601318,11:08:15,58.9500,95,1
2026-04-15,601318,11:08:17,58.9400,10,4
2026-04-15,601318,11:08:21,58.9200,23,2
2026-04-15,601318,11:08:24,58.9200,13,2
2026-04-15,601318,11:08:26,58.9200,8,2
2026-04-15,601318,11:08:30,58.9300,12,1
2026-04-15,601318,11:08:33,58.9200,9,2
2026-04-15,601318,11:08:36,58.9200,18,2
2026-04-15,601318,11:08:39,58.9200,26,2
2026-04-15,601318,11:08:42,58.9200,23,2
2026-04-15,601318,11:08:44,58.9200,85,2
2026-04-15,601318,11:08:48,58.9300,42,1
2026-04-15,601318,11:08:51,58.9200,57,2
2026-04-15,601318,11:08:53,58.9300,48,1
2026-04-15,601318,11:08:56,58.9200,24,1
2026-04-15,601318,11:09:00,58.9200,9,2
2026-04-15,601318,11:09:03,58.9300,165,1
2026-04-15,601318,11:09:05,58.9400,165,1
2026-04-15,601318,11:09:09,58.9400,92,1
2026-04-15,601318,11:09:12,58.9300,38,2
2026-04-15,601318,11:09:17,58.9400,3,1
2026-04-15,601318,11:09:21,58.9400,37,1
2026-04-15,601318,11:09:24,58.9600,132,1
2026-04-15,601318,11:09:27,58.9800,20,1
2026-04-15,601318,11:09:29,58.9700,41,4
2026-04-15,601318,11:09:32,58.9100,600,2
2026-04-15,601318,11:09:36,58.9100,117,2
2026-04-15,601318,11:09:38,58.9600,70,1
2026-04-15,601318,11:09:41,58.9100,235,2
2026-04-15,601318,11:09:44,58.9000,214,2
2026-04-15,601318,11:09:48,58.9000,117,2
2026-04-15,601318,11:09:51,58.9400,139,1
2026-04-15,601318,11:09:53,58.9500,36,1
2026-04-15,601318,11:09:57,58.9200,15,2
2026-04-15,601318,11:10:00,58.9200,31,2
2026-04-15,601318,11:10:02,58.9400,14,4
2026-04-15,601318,11:10:06,58.9500,59,4
2026-04-15,601318,11:10:09,58.9400,152,2
2026-04-15,601318,11:10:12,58.9400,67,1
2026-04-15,601318,11:10:14,58.9200,43,2
2026-04-15,601318,11:10:18,58.9400,41,1
2026-04-15,601318,11:10:21,58.9300,18,1
2026-04-15,601318,11:10:23,58.9300,13,2
2026-04-15,601318,11:10:26,58.9300,14,2
2026-04-15,601318,11:10:30,58.9300,5,4
2026-04-15,601318,11:10:33,58.9400,95,1
2026-04-15,601318,11:10:35,58.9200,41,2
2026-04-15,601318,11:10:39,58.9300,50,1
2026-04-15,601318,11:10:41,58.9300,34,2
2026-04-15,601318,11:10:45,58.9400,15,1
2026-04-15,601318,11:10:47,58.9200,21,2
2026-04-15,601318,11:10:50,58.9300,26,1
2026-04-15,601318,11:10:54,58.9300,42,1
2026-04-15,601318,11:10:57,58.9200,14,2
2026-04-15,601318,11:10:59,58.9300,42,1
2026-04-15,601318,11:11:02,58.9300,97,2
2026-04-15,601318,11:11:06,58.9400,13,1
2026-04-15,601318,11:11:09,58.9300,56,2
2026-04-15,601318,11:11:12,58.9200,53,2
2026-04-15,601318,11:11:14,58.9300,66,1
2026-04-15,601318,11:11:18,58.9400,31,1
2026-04-15,601318,11:11:20,58.9300,105,2
2026-04-15,601318,11:11:23,58.9300,13,2
2026-04-15,601318,11:11:26,58.9300,12,2
2026-04-15,601318,11:11:29,58.9300,20,2
2026-04-15,601318,11:11:32,58.9300,8,2
2026-04-15,601318,11:11:35,58.9400,26,1
2026-04-15,601318,11:11:38,58.9300,37,2
2026-04-15,601318,11:11:42,58.9300,26,2
2026-04-15,601318,11:11:44,58.9300,43,2
2026-04-15,601318,11:11:48,58.9400,3,1
2026-04-15,601318,11:11:51,58.9400,142,1
2026-04-15,601318,11:11:54,58.9300,16,2
2026-04-15,601318,11:11:57,58.9300,74,2
2026-04-15,601318,11:12:00,58.9400,171,1
2026-04-15,601318,11:12:02,58.9600,47,1
2026-04-15,601318,11:12:06,58.9600,30,1
2026-04-15,601318,11:12:08,58.9500,156,2
2026-04-15,601318,11:12:12,58.9600,44,1
2026-04-15,601318,11:12:14,58.9400,42,2
2026-04-15,601318,11:12:17,58.9500,32,1
2026-04-15,601318,11:12:20,58.9500,38,4
2026-04-15,601318,11:12:23,58.9300,41,2
2026-04-15,601318,11:12:27,58.9300,47,2
2026-04-15,601318,11:12:29,58.9400,30,1
2026-04-15,601318,11:12:33,58.9400,38,4
2026-04-15,601318,11:12:36,58.9300,103,2
2026-04-15,601318,11:12:38,58.9500,16,1
2026-04-15,601318,11:12:42,58.9500,93,1
2026-04-15,601318,11:12:44,58.9500,71,2
2026-04-15,601318,11:12:48,58.9600,47,1
2026-04-15,601318,11:12:51,58.9500,20,2
2026-04-15,601318,11:12:54,58.9500,6,2
2026-04-15,601318,11:12:59,58.9500,29,2
2026-04-15,601318,11:13:02,58.9600,69,1
2026-04-15,601318,11:13:06,58.9700,100,1
2026-04-15,601318,11:13:09,58.9700,63,1
2026-04-15,601318,11:13:11,58.9700,9,2
2026-04-15,601318,11:13:14,58.9700,82,2
2026-04-15,601318,11:13:18,58.9700,81,2
2026-04-15,601318,11:13:20,58.9700,25,1
2026-04-15,601318,11:13:23,58.9700,7,2
2026-04-15,601318,11:13:26,58.9700,54,2
2026-04-15,601318,11:13:29,58.9600,85,2
2026-04-15,601318,11:13:33,58.9600,149,2
2026-04-15,601318,11:13:36,58.9700,16,1
2026-04-15,601318,11:13:39,58.9500,6,2
2026-04-15,601318,11:13:42,58.9600,52,1
2026-04-15,601318,11:13:44,58.9600,35,1
2026-04-15,601318,11:13:48,58.9600,20,1
2026-04-15,601318,11:13:51,58.9500,12,2
2026-04-15,601318,11:13:54,58.9500,23,2
2026-04-15,601318,11:13:57,58.9600,17,1
2026-04-15,601318,11:14:00,58.9600,37,1
2026-04-15,601318,11:14:02,58.9600,46,2
2026-04-15,601318,11:14:05,58.9700,153,1
2026-04-15,601318,11:14:08,58.9700,136,1
2026-04-15,601318,11:14:12,58.9600,107,2
2026-04-15,601318,11:14:15,58.9700,106,1
2026-04-15,601318,11:14:17,58.9800,118,1
2026-04-15,601318,11:14:21,58.9800,70,1
2026-04-15,601318,11:14:24,58.9800,59,1
2026-04-15,601318,11:14:26,58.9800,1,1
2026-04-15,601318,11:14:30,58.9800,50,1
2026-04-15,601318,11:14:33,58.9800,35,1
2026-04-15,601318,11:14:35,58.9800,41,1
2026-04-15,601318,11:14:38,58.9900,73,1
2026-04-15,601318,11:14:42,58.9900,21,2
2026-04-15,601318,11:14:45,59.0000,149,1
2026-04-15,601318,11:14:47,58.9900,4,1
2026-04-15,601318,11:14:51,58.9900,36,1
2026-04-15,601318,11:14:54,58.9900,34,1
2026-04-15,601318,11:14:56,59.0000,66,1
2026-04-15,601318,11:15:00,58.9900,13,2
2026-04-15,601318,11:15:03,59.0000,61,1
2026-04-15,601318,11:15:05,59.0000,1,1
2026-04-15,601318,11:15:08,59.0000,25,1
2026-04-15,601318,11:15:12,58.9900,22,2
2026-04-15,601318,11:15:15,58.9900,209,2
2026-04-15,601318,11:15:18,58.9900,15,2
2026-04-15,601318,11:15:20,59.0000,18,1
2026-04-15,601318,11:15:27,59.0000,38,1
2026-04-15,601318,11:15:33,59.0000,65,1
2026-04-15,601318,11:15:35,58.9900,71,2
2026-04-15,601318,11:15:39,59.0000,60,1
2026-04-15,601318,11:15:41,59.0000,23,2
2026-04-15,601318,11:15:44,59.0100,130,1
2026-04-15,601318,11:15:48,59.0100,45,1
2026-04-15,601318,11:15:50,59.0200,14,1
2026-04-15,601318,11:15:54,59.0300,40,1
2026-04-15,601318,11:15:57,58.9900,891,2
2026-04-15,601318,11:15:59,58.9800,338,2
2026-04-15,601318,11:16:02,59.0100,151,1
2026-04-15,601318,11:16:06,59.0200,67,1
2026-04-15,601318,11:16:09,59.0000,3,2
2026-04-15,601318,11:16:11,59.0000,79,2
2026-04-15,601318,11:16:15,59.0100,30,1
2026-04-15,601318,11:16:18,59.0100,235,1
2026-04-15,601318,11:16:20,59.0100,57,2
2026-04-15,601318,11:16:24,59.0100,39,2
2026-04-15,601318,11:16:27,59.0100,43,1
2026-04-15,601318,11:16:30,59.0200,75,1
2026-04-15,601318,11:16:32,59.0100,18,2
2026-04-15,601318,11:16:35,59.0300,90,1
2026-04-15,601318,11:16:39,59.0200,4,1
2026-04-15,601318,11:16:42,59.0100,16,2
2026-04-15,601318,11:16:45,59.0200,43,1
2026-04-15,601318,11:16:48,59.0100,37,2
2026-04-15,601318,11:16:50,59.0100,33,2
2026-04-15,601318,11:16:54,59.0100,29,2
2026-04-15,601318,11:16:57,59.0100,36,2
2026-04-15,601318,11:16:59,59.0100,23,1
2026-04-15,601318,11:17:03,59.0200,61,1
2026-04-15,601318,11:17:06,59.0200,46,1
2026-04-15,601318,11:17:08,59.0100,20,2
2026-04-15,601318,11:17:12,59.0100,4,2
2026-04-15,601318,11:17:14,59.0100,75,2
2026-04-15,601318,11:17:18,59.0100,49,1
2026-04-15,601318,11:17:21,59.0100,23,1
2026-04-15,601318,11:17:24,59.0000,2,2
2026-04-15,601318,11:17:27,59.0000,7,2
2026-04-15,601318,11:17:30,59.0000,1,2
2026-04-15,601318,11:17:33,59.0000,60,2
2026-04-15,601318,11:17:36,59.0000,25,2
2026-04-15,601318,11:17:41,59.0100,5,1
2026-04-15,601318,11:17:45,59.0000,87,2
2026-04-15,601318,11:17:48,59.0000,40,2
2026-04-15,601318,11:17:51,59.0000,61,2
2026-04-15,601318,11:17:54,59.0000,9,2
2026-04-15,601318,11:17:57,59.0000,14,2
2026-04-15,601318,11:18:00,59.0000,2,2
2026-04-15,601318,11:18:03,59.0100,111,1
2026-04-15,601318,11:18:06,59.0000,21,2
2026-04-15,601318,11:18:09,59.0100,14,1
2026-04-15,601318,11:18:12,59.0000,14,2
2026-04-15,601318,11:18:14,59.0000,12,2
2026-04-15,601318,11:18:17,59.0100,42,1
2026-04-15,601318,11:18:20,59.0000,10,2
2026-04-15,601318,11:18:24,59.0000,61,2
2026-04-15,601318,11:18:27,59.0000,25,2
2026-04-15,601318,11:18:30,59.0000,8,2
2026-04-15,601318,11:18:33,59.0000,19,2
2026-04-15,601318,11:18:36,59.0000,47,2
2026-04-15,601318,11:18:38,59.0100,19,1
2026-04-15,601318,11:18:42,59.0100,7,2
2026-04-15,601318,11:18:45,59.0100,28,2
2026-04-15,601318,11:18:48,59.0100,5,2
2026-04-15,601318,11:18:51,59.0200,11,1
2026-04-15,601318,11:18:54,59.0200,255,1
2026-04-15,601318,11:18:56,59.0100,3,1
2026-04-15,601318,11:18:59,59.0100,56,1
2026-04-15,601318,11:19:03,59.0200,26,1
2026-04-15,601318,11:19:05,59.0200,14,1
2026-04-15,601318,11:19:08,59.0200,13,1
2026-04-15,601318,11:19:12,59.0300,156,1
2026-04-15,601318,11:19:15,59.0200,33,1
2026-04-15,601318,11:19:18,59.0300,174,1
2026-04-15,601318,11:19:20,59.0400,150,1
2026-04-15,601318,11:19:24,59.0400,40,2
2026-04-15,601318,11:19:27,59.0400,2,2
2026-04-15,601318,11:19:30,59.0500,275,1
2026-04-15,601318,11:19:32,59.0500,717,1
2026-04-15,601318,11:19:35,59.0400,238,2
2026-04-15,601318,11:19:39,59.0400,89,1
2026-04-15,601318,11:19:42,59.0400,91,1
2026-04-15,601318,11:19:45,59.0400,30,2
2026-04-15,601318,11:19:47,59.0400,21,1
2026-04-15,601318,11:19:51,59.0300,17,2
2026-04-15,601318,11:19:54,59.0300,19,2
2026-04-15,601318,11:19:57,59.0200,282,2
2026-04-15,601318,11:20:00,59.0200,108,1
2026-04-15,601318,11:20:03,59.0200,54,2
2026-04-15,601318,11:20:06,59.0200,11,1
2026-04-15,601318,11:20:12,59.0100,10,2
2026-04-15,601318,11:20:14,59.0000,232,2
2026-04-15,601318,11:20:18,59.0100,21,1
2026-04-15,601318,11:20:20,59.0000,25,1
2026-04-15,601318,11:20:24,59.0000,14,1
2026-04-15,601318,11:20:27,58.9900,3,2
2026-04-15,601318,11:20:30,58.9900,88,2
2026-04-15,601318,11:20:33,58.9900,4,2
