date,code,time,price,volume,bs
2026-03-24,600036,14:06:31,39.1200,220,2
2026-03-24,600036,14:06:34,39.1200,131,1
2026-03-24,600036,14:06:37,39.1200,22,1
2026-03-24,600036,14:06:40,39.1200,32,1
2026-03-24,600036,14:06:43,39.1200,224,1
2026-03-24,600036,14:06:46,39.1200,11,1
2026-03-24,600036,14:06:49,39.1200,80,1
2026-03-24,600036,14:06:52,39.1200,4,1
2026-03-24,600036,14:06:55,39.1300,60,1
2026-03-24,600036,14:06:58,39.1400,26,1
2026-03-24,600036,14:07:01,39.1400,29,1
2026-03-24,600036,14:07:04,39.1200,285,2
2026-03-24,600036,14:07:07,39.1300,32,4
2026-03-24,600036,14:07:10,39.1400,157,1
2026-03-24,600036,14:07:13,39.1300,24,2
2026-03-24,600036,14:07:16,39.1300,59,1
2026-03-24,600036,14:07:19,39.1300,78,1
2026-03-24,600036,14:07:22,39.1200,233,1
2026-03-24,600036,14:07:25,39.1200,148,1
2026-03-24,600036,14:07:28,39.1200,97,1
2026-03-24,600036,14:07:31,39.1000,115,2
2026-03-24,600036,14:07:34,39.1200,8,1
2026-03-24,600036,14:07:37,39.1300,181,1
2026-03-24,600036,14:07:40,39.1300,11,1
2026-03-24,600036,14:07:43,39.1300,169,1
2026-03-24,600036,14:07:46,39.1300,30,1
2026-03-24,600036,14:07:49,39.1200,63,2
2026-03-24,600036,14:07:52,39.1300,25,1
2026-03-24,600036,14:07:55,39.1300,67,1
2026-03-24,600036,14:07:58,39.1300,7,4
2026-03-24,600036,14:08:01,39.1100,116,2
2026-03-24,600036,14:08:04,39.1000,292,2
2026-03-24,600036,14:08:07,39.1100,95,1
2026-03-24,600036,14:08:10,39.1200,103,1
2026-03-24,600036,14:08:13,39.0900,33,2
2026-03-24,600036,14:08:16,39.0900,319,2
2026-03-24,600036,14:08:19,39.0900,18,2
2026-03-24,600036,14:08:22,39.0900,17,2
2026-03-24,600036,14:08:25,39.0900,24,2
2026-03-24,600036,14:08:28,39.1000,116,1
2026-03-24,600036,14:08:31,39.0900,199,2
2026-03-24,600036,14:08:34,39.0800,158,4
2026-03-24,600036,14:08:37,39.1100,129,1
2026-03-24,600036,14:08:40,39.1000,31,1
2026-03-24,600036,14:08:43,39.1100,69,1
2026-03-24,600036,14:08:46,39.0900,3,2
2026-03-24,600036,14:08:49,39.0900,131,1
2026-03-24,600036,14:08:52,39.0800,83,2
2026-03-24,600036,14:08:55,39.0800,25,1
2026-03-24,600036,14:08:58,39.0800,5,1
2026-03-24,600036,14:09:01,39.0900,7,1
2026-03-24,600036,14:09:04,39.0900,176,1
2026-03-24,600036,14:09:07,39.0500,1562,2
2026-03-24,600036,14:09:10,39.0700,513,1
2026-03-24,600036,14:09:13,39.0800,78,1
2026-03-24,600036,14:09:16,39.0700,13,2
2026-03-24,600036,14:09:19,39.0800,101,1
2026-03-24,600036,14:09:22,39.0800,30,2
2026-03-24,600036,14:09:25,39.0900,31,1
2026-03-24,600036,14:09:28,39.0900,103,1
2026-03-24,600036,14:09:31,39.0900,11,1
2026-03-24,600036,14:09:34,39.0700,1,2
2026-03-24,600036,14:09:37,39.0900,29,1
2026-03-24,600036,14:09:40,39.0900,30,2
2026-03-24,600036,14:09:43,39.0900,35,2
2026-03-24,600036,14:09:46,39.1000,92,1
2026-03-24,600036,14:09:49,39.1000,13,1
2026-03-24,600036,14:09:52,39.1000,5,1
2026-03-24,600036,14:09:55,39.0900,55,2
2026-03-24,600036,14:09:58,39.1000,18,2
2026-03-24,600036,14:10:01,39.0900,233,2
2026-03-24,600036,14:10:04,39.0900,5,1
2026-03-24,600036,14:10:07,39.0700,255,2
2026-03-24,600036,14:10:10,39.0900,58,1
2026-03-24,600036,14:10:13,39.0900,10,1
2026-03-24,600036,14:10:16,39.0900,2000,1
2026-03-24,600036,14:10:19,39.0800,67,4
2026-03-24,600036,14:10:22,39.0700,34,2
2026-03-24,600036,14:10:25,39.0800,13,4
2026-03-24,600036,14:10:28,39.0700,4,2
2026-03-24,600036,14:10:31,39.0900,43,1
2026-03-24,600036,14:10:34,39.0800,4,1
2026-03-24,600036,14:10:37,39.0800,12,1
2026-03-24,600036,14:10:40,39.0700,27,2
2026-03-24,600036,14:10:43,39.0800,7,1
2026-03-24,600036,14:10:46,39.0800,5,1
2026-03-24,600036,14:10:49,39.0800,7,1
2026-03-24,600036,14:10:52,39.0900,15,1
2026-03-24,600036,14:10:55,39.0800,8,2
2026-03-24,600036,14:10:58,39.0900,26,1
2026-03-24,600036,14:11:01,39.0800,127,2
2026-03-24,600036,14:11:04,39.0800,5,1
2026-03-24,600036,14:11:07,39.0800,17,1
2026-03-24,600036,14:11:10,39.0800,25,1
2026-03-24,600036,14:11:13,39.0800,6,1
2026-03-24,600036,14:11:16,39.0700,8,2
2026-03-24,600036,14:11:19,39.0600,1078,2
2026-03-24,600036,14:11:22,39.0600,110,2
2026-03-24,600036,14:11:25,39.0600,19,2
2026-03-24,600036,14:11:28,39.0600,68,2
2026-03-24,600036,14:11:31,39.0600,13,2
2026-03-24,600036,14:11:34,39.0600,22,2
2026-03-24,600036,14:11:37,39.0600,10,2
2026-03-24,600036,14:11:43,39.0700,9,1
2026-03-24,600036,14:11:46,39.0600,3,2
2026-03-24,600036,14:11:49,39.0600,11,2
2026-03-24,600036,14:11:52,39.0700,6,1
2026-03-24,600036,14:11:55,39.0600,43,2
2026-03-24,600036,14:11:58,39.0700,9,1
2026-03-24,600036,14:12:01,39.0700,14,1
2026-03-24,600036,14:12:04,39.0600,2,2
2026-03-24,600036,14:12:07,39.0700,4,1
2026-03-24,600036,14:12:10,39.0600,7,2
2026-03-24,600036,14:12:13,39.0700,3,1
2026-03-24,600036,14:12:16,39.0600,17,2
2026-03-24,600036,14:12:19,39.0700,23,1
2026-03-24,600036,14:12:22,39.0600,141,2
2026-03-24,600036,14:12:25,39.0500,276,2
2026-03-24,600036,14:12:28,39.0500,127,2
2026-03-24,600036,14:12:31,39.0600,9,1
2026-03-24,600036,14:12:34,39.0500,16,2
2026-03-24,600036,14:12:37,39.0600,19,1
2026-03-24,600036,14:12:40,39.0600,89,1
2026-03-24,600036,14:12:43,39.0600,27,1
2026-03-24,600036,14:12:46,39.0600,9,1
2026-03-24,600036,14:12:49,39.0600,35,1
2026-03-24,600036,14:12:52,39.0500,13,2
2026-03-24,600036,14:12:55,39.0500,13,2
2026-03-24,600036,14:12:58,39.0500,8,2
2026-03-24,600036,14:13:01,39.0600,64,1
2026-03-24,600036,14:13:04,39.0600,151,1
2026-03-24,600036,14:13:07,39.0600,82,2
2026-03-24,600036,14:13:10,39.0600,23,2
2026-03-24,600036,14:13:13,39.0600,34,2
2026-03-24,600036,14:13:16,39.0600,28,2
2026-03-24,600036,14:13:19,39.0600,18,2
2026-03-24,600036,14:13:25,39.0600,912,2
2026-03-24,600036,14:13:28,39.0600,8,1
2026-03-24,600036,14:13:31,39.0500,12,2
2026-03-24,600036,14:13:34,39.0500,20,2
2026-03-24,600036,14:13:37,39.0600,75,1
2026-03-24,600036,14:13:40,39.0600,9,1
2026-03-24,600036,14:13:43,39.0500,48,2
2026-03-24,600036,14:13:46,39.0600,12,1
2026-03-24,600036,14:13:49,39.0600,12,1
2026-03-24,600036,14:13:52,39.0600,10,1
2026-03-24,600036,14:13:55,39.0600,59,1
2026-03-24,600036,14:13:58,39.0600,4,4
2026-03-24,600036,14:14:01,39.0500,35,2
2026-03-24,600036,14:14:04,39.0500,60,2
2026-03-24,600036,14:14:07,39.0500,10,2
2026-03-24,600036,14:14:10,39.0600,30,1
2026-03-24,600036,14:14:13,39.0500,5,2
2026-03-24,600036,14:14:16,39.0500,1,2
2026-03-24,600036,14:14:19,39.0600,10,1
2026-03-24,600036,14:14:22,39.0600,47,1
2026-03-24,600036,14:14:25,39.0500,560,2
2026-03-24,600036,14:14:28,39.0400,626,2
2026-03-24,600036,14:14:31,39.0500,22,1
2026-03-24,600036,14:14:34,39.0500,27,1
2026-03-24,600036,14:14:37,39.0500,9,1
2026-03-24,600036,14:14:40,39.0500,51,1
2026-03-24,600036,14:14:43,39.0500,21,1
2026-03-24,600036,14:14:46,39.0400,54,2
2026-03-24,600036,14:14:49,39.0400,10,2
2026-03-24,600036,14:14:52,39.0400,28,2
2026-03-24,600036,14:14:55,39.0400,48,2
2026-03-24,600036,14:14:58,39.0200,2298,2
2026-03-24,600036,14:15:01,39.0100,250,2
2026-03-24,600036,14:15:04,39.0100,346,2
2026-03-24,600036,14:15:07,39.0200,161,4
2026-03-24,600036,14:15:10,39.0200,124,4
2026-03-24,600036,14:15:13,39.0300,5,4
2026-03-24,600036,14:15:16,39.0200,4,2
2026-03-24,600036,14:15:19,39.0400,42,1
2026-03-24,600036,14:15:22,39.0400,66,1
2026-03-24,600036,14:15:25,39.0400,52,1
2026-03-24,600036,14:15:28,39.0200,31,2
2026-03-24,600036,14:15:31,39.0400,34,1
2026-03-24,600036,14:15:34,39.0300,17,2
2026-03-24,600036,14:15:37,39.0400,9,1
2026-03-24,600036,14:15:40,39.0300,13,2
2026-03-24,600036,14:15:43,39.0400,13,1
2026-03-24,600036,14:15:46,39.0400,49,1
2026-03-24,600036,14:15:49,39.0400,25,1
2026-03-24,600036,14:15:52,39.0400,18,1
2026-03-24,600036,14:15:55,39.0400,188,1
2026-03-24,600036,14:15:58,39.0400,11,2
2026-03-24,600036,14:16:01,39.0400,711,2
2026-03-24,600036,14:16:04,39.0400,17,2
2026-03-24,600036,14:16:07,39.0500,296,1
2026-03-24,600036,14:16:10,39.0500,4,1
2026-03-24,600036,14:16:13,39.0500,22,1
2026-03-24,600036,14:16:16,39.0500,42,1
2026-03-24,600036,14:16:19,39.0500,9,2
2026-03-24,600036,14:16:22,39.0600,37,1
2026-03-24,600036,14:16:25,39.0600,296,1
2026-03-24,600036,14:16:31,39.0600,1,2
2026-03-24,600036,14:16:34,39.0700,261,1
2026-03-24,600036,14:16:37,39.0800,6,1
2026-03-24,600036,14:16:40,39.0800,26,1
2026-03-24,600036,14:16:43,39.0700,162,2
2026-03-24,600036,14:16:46,39.0800,104,1
2026-03-24,600036,14:16:49,39.0900,32,1
2026-03-24,600036,14:16:52,39.0900,38,1
2026-03-24,600036,14:16:55,39.0900,163,1
2026-03-24,600036,14:16:58,39.0900,114,1
2026-03-24,600036,14:17:01,39.0900,42,1
2026-03-24,600036,14:17:07,39.0800,341,2
2026-03-24,600036,14:17:10,39.0800,56,1
2026-03-24,600036,14:17:13,39.0800,7,2
2026-03-24,600036,14:17:16,39.1000,136,1
2026-03-24,600036,14:17:19,39.0900,256,2
2026-03-24,600036,14:17:22,39.1100,225,1
2026-03-24,600036,14:17:25,39.1100,56,1
2026-03-24,600036,14:17:28,39.1100,324,1
2026-03-24,600036,14:17:31,39.1100,45,1
2026-03-24,600036,14:17:34,39.1000,45,4
2026-03-24,600036,14:17:37,39.1000,12,1
2026-03-24,600036,14:17:40,39.1000,27,4
2026-03-24,600036,14:17:43,39.1000,22,2
2026-03-24,600036,14:17:46,39.1000,75,1
2026-03-24,600036,14:17:49,39.0900,21,2
2026-03-24,600036,14:17:52,39.1000,4,2
2026-03-24,600036,14:17:55,39.1100,39,1
2026-03-24,600036,14:17:58,39.1000,20,2
2026-03-24,600036,14:18:01,39.1000,68,2
2026-03-24,600036,14:18:04,39.1000,17,2
2026-03-24,600036,14:18:07,39.1000,29,2
2026-03-24,600036,14:18:10,39.1000,73,2
2026-03-24,600036,14:18:13,39.1000,92,2
2026-03-24,600036,14:18:16,39.1000,21,2
2026-03-24,600036,14:18:19,39.1000,52,2
2026-03-24,600036,14:18:22,39.1000,107,2
2026-03-24,600036,14:18:25,39.1100,69,1
2026-03-24,600036,14:18:28,39.1100,49,1
2026-03-24,600036,14:18:31,39.1000,370,2
2026-03-24,600036,14:18:34,39.1000,13,4
2026-03-24,600036,14:18:37,39.1000,62,2
2026-03-24,600036,14:18:40,39.1000,16,2
2026-03-24,600036,14:18:43,39.1000,9,2
2026-03-24,600036,14:18:46,39.1100,12,1
2026-03-24,600036,14:18:49,39.1000,26,2
2026-03-24,600036,14:18:52,39.1100,2,1
2026-03-24,600036,14:18:55,39.1100,35,1
2026-03-24,600036,14:18:58,39.1000,48,2
2026-03-24,600036,14:19:01,39.1000,227,2
2026-03-24,600036,14:19:04,39.0900,187,2
2026-03-24,600036,14:19:07,39.0900,27,2
2026-03-24,600036,14:19:13,39.0900,14,2
2026-03-24,600036,14:19:16,39.1000,293,1
2026-03-24,600036,14:19:19,39.1100,52,1
2026-03-24,600036,14:19:22,39.1100,6,1
2026-03-24,600036,14:19:25,39.1100,65,1
2026-03-24,600036,14:19:28,39.1100,5,1
2026-03-24,600036,14:19:31,39.1100,45,1
2026-03-24,600036,14:19:34,39.1000,269,2
2026-03-24,600036,14:19:37,39.1100,11,4
2026-03-24,600036,14:19:40,39.1200,5,1
2026-03-24,600036,14:19:43,39.1200,380,1
2026-03-24,600036,14:19:46,39.1100,57,2
2026-03-24,600036,14:19:49,39.1200,7,1
2026-03-24,600036,14:19:52,39.1200,17,1
2026-03-24,600036,14:19:55,39.1200,80,1
2026-03-24,600036,14:19:58,39.1300,107,1
2026-03-24,600036,14:20:01,39.1300,747,1
2026-03-24,600036,14:20:04,39.1200,302,2
2026-03-24,600036,14:20:07,39.1300,55,1
2026-03-24,600036,14:20:10,39.1200,150,1
2026-03-24,600036,14:20:13,39.1300,66,1
2026-03-24,600036,14:20:16,39.1300,46,1
2026-03-24,600036,14:20:19,39.1300,125,1
2026-03-24,600036,14:20:22,39.1200,630,2
2026-03-24,600036,14:20:25,39.1200,49,1
2026-03-24,600036,14:20:28,39.1200,71,1
2026-03-24,600036,14:20:31,39.1200,105,1
2026-03-24,600036,14:20:34,39.1300,46,1
2026-03-24,600036,14:20:37,39.1400,248,1
2026-03-24,600036,14:20:40,39.1400,82,1
2026-03-24,600036,14:20:43,39.1400,17,1
2026-03-24,600036,14:20:46,39.1500,501,1
2026-03-24,600036,14:20:49,39.1400,1,4
2026-03-24,600036,14:20:52,39.1400,868,2
2026-03-24,600036,14:20:55,39.1400,41,1
2026-03-24,600036,14:20:58,39.1400,11,1
2026-03-24,600036,14:21:01,39.1200,122,2
2026-03-24,600036,14:21:04,39.1400,39,1
2026-03-24,600036,14:21:07,39.1200,10,2
2026-03-24,600036,14:21:10,39.1400,78,1
2026-03-24,600036,14:21:13,39.1400,132,1
2026-03-24,600036,14:21:16,39.1200,1227,2
2026-03-24,600036,14:21:19,39.1200,39,4
2026-03-24,600036,14:21:22,39.1300,7,1
2026-03-24,600036,14:21:25,39.1400,85,1
2026-03-24,600036,14:21:31,39.1200,30,2
2026-03-24,600036,14:21:34,39.1300,221,1
2026-03-24,600036,14:21:37,39.1300,21,2
2026-03-24,600036,14:21:40,39.1300,27,2
2026-03-24,600036,14:21:43,39.1300,2,2
2026-03-24,600036,14:21:46,39.1300,917,2
2026-03-24,600036,14:21:49,39.1400,25,1
2026-03-24,600036,14:21:52,39.1400,36,1
2026-03-24,600036,14:21:55,39.1400,40,1
2026-03-24,600036,14:21:58,39.1400,13,1
2026-03-24,600036,14:22:01,39.1400,136,1
2026-03-24,600036,14:22:04,39.1300,13,2
2026-03-24,600036,14:22:07,39.1300,406,2
2026-03-24,600036,14:22:10,39.1300,49,2
2026-03-24,600036,14:22:13,39.1400,61,1
2026-03-24,600036,14:22:16,39.1300,309,2
2026-03-24,600036,14:22:19,39.1400,16,1
2026-03-24,600036,14:22:22,39.1400,54,1
2026-03-24,600036,14:22:25,39.1400,12,1
2026-03-24,600036,14:22:28,39.1400,41,1
2026-03-24,600036,14:22:31,39.1400,611,1
2026-03-24,600036,14:22:34,39.1300,15,2
2026-03-24,600036,14:22:37,39.1400,6,1
2026-03-24,600036,14:22:40,39.1400,77,1
2026-03-24,600036,14:22:43,39.1300,115,2
2026-03-24,600036,14:22:46,39.1300,85,2
2026-03-24,600036,14:22:49,39.1300,286,2
2026-03-24,600036,14:22:52,39.1400,52,1
2026-03-24,600036,14:22:55,39.1500,122,1
2026-03-24,600036,14:23:01,39.1400,58,2
2026-03-24,600036,14:23:04,39.1500,8,1
2026-03-24,600036,14:23:07,39.1400,74,2
2026-03-24,600036,14:23:10,39.1400,78,2
2026-03-24,600036,14:23:13,39.1400,41,2
2026-03-24,600036,14:23:16,39.1500,24,1
2026-03-24,600036,14:23:19,39.1500,73,1
2026-03-24,600036,14:23:22,39.1400,129,2
2026-03-24,600036,14:23:25,39.1400,8,1
2026-03-24,600036,14:23:28,39.1400,62,1
2026-03-24,600036,14:23:31,39.1400,83,1
2026-03-24,600036,14:23:34,39.1400,153,2
2026-03-24,600036,14:23:37,39.1500,145,1
2026-03-24,600036,14:23:40,39.1500,97,1
2026-03-24,600036,14:23:43,39.1500,66,2
2026-03-24,600036,14:23:46,39.1500,343,2
2026-03-24,600036,14:23:49,39.1600,176,1
2026-03-24,600036,14:23:52,39.1500,9,2
2026-03-24,600036,14:23:55,39.1600,440,1
2026-03-24,600036,14:23:58,39.1600,234,4
2026-03-24,600036,14:24:01,39.1700,144,4
2026-03-24,600036,14:24:04,39.1600,154,2
2026-03-24,600036,14:24:07,39.1600,30,1
2026-03-24,600036,14:24:10,39.1600,701,1
2026-03-24,600036,14:24:13,39.1600,173,1
2026-03-24,600036,14:24:16,39.1500,94,2
2026-03-24,600036,14:24:19,39.1700,30,1
2026-03-24,600036,14:24:22,39.1700,4,1
2026-03-24,600036,14:24:25,39.1700,31,1
2026-03-24,600036,14:24:28,39.1600,43,2
2026-03-24,600036,14:24:31,39.1600,12,2
2026-03-24,600036,14:24:34,39.1600,57,2
2026-03-24,600036,14:24:37,39.1600,34,1
2026-03-24,600036,14:24:40,39.1500,39,2
2026-03-24,600036,14:24:43,39.1600,52,1
2026-03-24,600036,14:24:46,39.1600,8,1
2026-03-24,600036,14:24:49,39.1600,7,1
2026-03-24,600036,14:24:52,39.1600,8,1
2026-03-24,600036,14:24:55,39.1500,117,2
2026-03-24,600036,14:24:58,39.1600,114,1
2026-03-24,600036,14:25:01,39.1500,55,2
2026-03-24,600036,14:25:04,39.1500,73,2
2026-03-24,600036,14:25:07,39.1600,419,1
2026-03-24,600036,14:25:10,39.1500,51,2
2026-03-24,600036,14:25:13,39.1500,8,2
2026-03-24,600036,14:25:16,39.1700,66,1
2026-03-24,600036,14:25:19,39.1700,53,1
2026-03-24,600036,14:25:22,39.1600,2,2
2026-03-24,600036,14:25:25,39.1600,195,2
2026-03-24,600036,14:25:28,39.1600,7,2
2026-03-24,600036,14:25:31,39.1700,9,1
2026-03-24,600036,14:25:34,39.1700,8,1
2026-03-24,600036,14:25:37,39.1600,132,2
2026-03-24,600036,14:25:40,39.1700,19,1
2026-03-24,600036,14:25:43,39.1600,11,2
2026-03-24,600036,14:25:46,39.1400,260,2
2026-03-24,600036,14:25:49,39.1300,40,2
2026-03-24,600036,14:25:52,39.1500,3,1
2026-03-24,600036,14:25:58,39.1400,17,2
2026-03-24,600036,14:26:01,39.1400,58,2
2026-03-24,600036,14:26:04,39.1400,45,2
2026-03-24,600036,14:26:07,39.1300,73,2
2026-03-24,600036,14:26:10,39.1400,669,4
2026-03-24,600036,14:26:13,39.1400,6,1
2026-03-24,600036,14:26:16,39.1400,25,1
2026-03-24,600036,14:26:19,39.1400,85,1
2026-03-24,600036,14:26:22,39.1400,42,2
2026-03-24,600036,14:26:25,39.1500,4,1
2026-03-24,600036,14:26:28,39.1500,10,1
2026-03-24,600036,14:26:31,39.1400,15,2
2026-03-24,600036,14:26:34,39.1400,65,2
2026-03-24,600036,14:26:37,39.1300,34,2
2026-03-24,600036,14:26:40,39.1300,2,2
2026-03-24,600036,14:26:43,39.1300,19,2
2026-03-24,600036,14:26:46,39.1400,8,1
2026-03-24,600036,14:26:49,39.1400,35,1
2026-03-24,600036,14:26:52,39.1400,8,1
2026-03-24,600036,14:26:55,39.1400,6,1
2026-03-24,600036,14:26:58,39.1400,4,1
2026-03-24,600036,14:27:01,39.1300,68,2
2026-03-24,600036,14:27:04,39.1300,56,2
2026-03-24,600036,14:27:07,39.1300,32,2
2026-03-24,600036,14:27:10,39.1300,25,2
2026-03-24,600036,14:27:13,39.1300,73,2
2026-03-24,600036,14:27:16,39.1200,90,2
2026-03-24,600036,14:27:19,39.1200,39,2
2026-03-24,600036,14:27:22,39.1300,41,1
2026-03-24,600036,14:27:25,39.1200,79,2
2026-03-24,600036,14:27:28,39.1100,296,2
2026-03-24,600036,14:27:31,39.1100,89,2
2026-03-24,600036,14:27:34,39.1000,39,2
2026-03-24,600036,14:27:37,39.1100,12,4
2026-03-24,600036,14:27:40,39.1200,5,1
2026-03-24,600036,14:27:43,39.1200,25,1
2026-03-24,600036,14:27:46,39.1200,143,1
2026-03-24,600036,14:27:49,39.1000,33,2
2026-03-24,600036,14:27:52,39.1200,53,1
2026-03-24,600036,14:27:55,39.1200,15,4
2026-03-24,600036,14:27:58,39.1200,12,2
2026-03-24,600036,14:28:01,39.1300,56,1
2026-03-24,600036,14:28:04,39.1200,18,4
2026-03-24,600036,14:28:07,39.1200,47,1
2026-03-24,600036,14:28:10,39.1300,8,1
2026-03-24,600036,14:28:16,39.1200,62,2
2026-03-24,600036,14:28:19,39.1300,13,1
2026-03-24,600036,14:28:22,39.1300,84,1
2026-03-24,600036,14:28:25,39.1200,57,2
2026-03-24,600036,14:28:28,39.1300,237,1
2026-03-24,600036,14:28:31,39.1300,31,1
2026-03-24,600036,14:28:34,39.1300,17,1
2026-03-24,600036,14:28:37,39.1300,15,1
2026-03-24,600036,14:28:40,39.1300,5,1
2026-03-24,600036,14:28:43,39.1300,6,1
2026-03-24,600036,14:28:46,39.1200,137,2
2026-03-24,600036,14:28:49,39.1300,41,1
2026-03-24,600036,14:28:52,39.1200,2,2
2026-03-24,600036,14:28:55,39.1300,41,1
2026-03-24,600036,14:28:58,39.1300,99,1
2026-03-24,600036,14:29:01,39.1200,118,2
2026-03-24,600036,14:29:04,39.1300,1011,1
2026-03-24,600036,14:29:07,39.1200,60,4
2026-03-24,600036,14:29:10,39.1300,36,1
2026-03-24,600036,14:29:13,39.1200,17,2
2026-03-24,600036,14:29:16,39.1200,110,1
2026-03-24,600036,14:29:19,39.1300,17,1
2026-03-24,600036,14:29:22,39.1200,21,4
2026-03-24,600036,14:29:25,39.1200,15,2
2026-03-24,600036,14:29:28,39.1100,33,2
2026-03-24,600036,14:29:31,39.1300,16,1
2026-03-24,600036,14:29:34,39.1300,4,1
2026-03-24,600036,14:29:37,39.1300,280,1
2026-03-24,600036,14:29:40,39.1400,512,1
2026-03-24,600036,14:29:43,39.1300,44,4
2026-03-24,600036,14:29:46,39.1200,16,2
2026-03-24,600036,14:29:49,39.1300,22,4
2026-03-24,600036,14:29:52,39.1300,18,4
2026-03-24,600036,14:29:55,39.1300,59,1
2026-03-24,600036,14:29:58,39.1200,25,2
2026-03-24,600036,14:30:01,39.1400,96,1
2026-03-24,600036,14:30:04,39.1400,108,1
2026-03-24,600036,14:30:07,39.1400,69,1
2026-03-24,600036,14:30:10,39.1400,13,1
2026-03-24,600036,14:30:13,39.1400,11,1
2026-03-24,600036,14:30:16,39.1300,90,2
2026-03-24,600036,14:30:19,39.1300,155,2
2026-03-24,600036,14:30:22,39.1200,1437,2
2026-03-24,600036,14:30:25,39.1200,122,1
2026-03-24,600036,14:30:28,39.1200,10,1
2026-03-24,600036,14:30:31,39.1100,18,4
2026-03-24,600036,14:30:34,39.1100,31,2
2026-03-24,600036,14:30:37,39.1100,7,2
2026-03-24,600036,14:30:40,39.1200,34,1
2026-03-24,600036,14:30:43,39.1200,198,1
2026-03-24,600036,14:30:46,39.1200,41,1
2026-03-24,600036,14:30:49,39.1300,10,1
2026-03-24,600036,14:30:52,39.1300,166,1
2026-03-24,600036,14:30:55,39.1300,8,1
2026-03-24,600036,14:30:58,39.1200,61,2
2026-03-24,600036,14:31:01,39.1300,161,1
2026-03-24,600036,14:31:04,39.1300,93,2
2026-03-24,600036,14:31:07,39.1300,94,2
2026-03-24,600036,14:31:10,39.1400,161,1
2026-03-24,600036,14:31:13,39.1500,245,1
2026-03-24,600036,14:31:16,39.1300,33,2
2026-03-24,600036,14:31:19,39.1400,1,1
2026-03-24,600036,14:31:22,39.1300,84,2
2026-03-24,600036,14:31:25,39.1300,42,2
2026-03-24,600036,14:31:28,39.1400,92,1
2026-03-24,600036,14:31:31,39.1300,11,2
2026-03-24,600036,14:31:34,39.1400,9,1
2026-03-24,600036,14:31:40,39.1500,270,1
2026-03-24,600036,14:31:43,39.1400,90,2
2026-03-24,600036,14:31:46,39.1400,10,2
2026-03-24,600036,14:31:49,39.1400,29,2
2026-03-24,600036,14:31:52,39.1400,57,2
2026-03-24,600036,14:31:55,39.1500,14,1
2026-03-24,600036,14:31:58,39.1500,15,1
2026-03-24,600036,14:32:01,39.1400,79,2
2026-03-24,600036,14:32:04,39.1500,18,1
2026-03-24,600036,14:32:07,39.1400,141,2
2026-03-24,600036,14:32:10,39.1500,8,1
2026-03-24,600036,14:32:13,39.1500,7,1
2026-03-24,600036,14:32:16,39.1500,92,1
2026-03-24,600036,14:32:19,39.1500,22,1
2026-03-24,600036,14:32:22,39.1400,81,2
2026-03-24,600036,14:32:25,39.1500,45,1
2026-03-24,600036,14:32:28,39.1500,47,4
2026-03-24,600036,14:32:31,39.1600,163,1
2026-03-24,600036,14:32:34,39.1500,69,4
2026-03-24,600036,14:32:37,39.1600,12,1
2026-03-24,600036,14:32:43,39.1600,33,1
2026-03-24,600036,14:32:46,39.1600,74,1
2026-03-24,600036,14:32:49,39.1600,95,1
2026-03-24,600036,14:32:52,39.1600,111,2
2026-03-24,600036,14:32:55,39.1700,23,1
2026-03-24,600036,14:32:58,39.1700,73,1
2026-03-24,600036,14:33:01,39.1600,48,2
2026-03-24,600036,14:33:04,39.1600,22,1
2026-03-24,600036,14:33:07,39.1600,14,1
2026-03-24,600036,14:33:10,39.1600,9,1
2026-03-24,600036,14:33:13,39.1600,35,1
2026-03-24,600036,14:33:16,39.1600,62,1
2026-03-24,600036,14:33:19,39.1500,3,2
2026-03-24,600036,14:33:22,39.1500,16,2
2026-03-24,600036,14:33:25,39.1500,31,2
2026-03-24,600036,14:33:28,39.1500,7,2
2026-03-24,600036,14:33:31,39.1600,8,1
2026-03-24,600036,14:33:34,39.1500,294,2
2026-03-24,600036,14:33:37,39.1500,79,1
2026-03-24,600036,14:33:40,39.1500,50,1
2026-03-24,600036,14:33:43,39.1500,53,1
2026-03-24,600036,14:33:46,39.1600,104,1
2026-03-24,600036,14:33:49,39.1600,25,1
2026-03-24,600036,14:33:52,39.1600,22,1
2026-03-24,600036,14:33:55,39.1500,3,2
2026-03-24,600036,14:33:58,39.1500,71,2
2026-03-24,600036,14:34:01,39.1500,65,1
2026-03-24,600036,14:34:04,39.1600,17,1
2026-03-24,600036,14:34:07,39.1500,17,2
2026-03-24,600036,14:34:10,39.1600,571,1
2026-03-24,600036,14:34:13,39.1600,50,1
2026-03-24,600036,14:34:16,39.1600,50,1
2026-03-24,600036,14:34:19,39.1600,38,1
2026-03-24,600036,14:34:22,39.1600,245,1
2026-03-24,600036,14:34:25,39.1600,55,2
2026-03-24,600036,14:34:28,39.1700,56,1
2026-03-24,600036,14:34:31,39.1700,44,1
2026-03-24,600036,14:34:34,39.1700,32,1
2026-03-24,600036,14:34:37,39.1500,98,2
2026-03-24,600036,14:34:40,39.1600,18,1
2026-03-24,600036,14:34:43,39.1600,22,1
2026-03-24,600036,14:34:46,39.1500,4,2
2026-03-24,600036,14:34:49,39.1500,53,2
2026-03-24,600036,14:34:52,39.1600,4,1
2026-03-24,600036,14:34:55,39.1500,449,2
2026-03-24,600036,14:34:58,39.1500,76,2
2026-03-24,600036,14:35:01,39.1500,36,2
2026-03-24,600036,14:35:04,39.1500,164,2
2026-03-24,600036,14:35:07,39.1600,51,1
2026-03-24,600036,14:35:10,39.1600,68,1
2026-03-24,600036,14:35:13,39.1600,391,1
2026-03-24,600036,14:35:16,39.1800,90,1
2026-03-24,600036,14:35:19,39.1600,80,2
2026-03-24,600036,14:35:22,39.1500,13,2
2026-03-24,600036,14:35:25,39.1600,11,1
2026-03-24,600036,14:35:28,39.1600,24,1
2026-03-24,600036,14:35:31,39.1600,54,1
2026-03-24,600036,14:35:34,39.1700,4,1
2026-03-24,600036,14:35:37,39.1600,118,2
2026-03-24,600036,14:35:40,39.1600,55,1
2026-03-24,600036,14:35:43,39.1600,34,1
2026-03-24,600036,14:35:46,39.1500,106,2
2026-03-24,600036,14:35:49,39.1600,86,1
2026-03-24,600036,14:35:52,39.1600,85,1
2026-03-24,600036,14:35:55,39.1500,6,2
2026-03-24,600036,14:35:58,39.1600,5,1
2026-03-24,600036,14:36:01,39.1500,64,2
2026-03-24,600036,14:36:04,39.1500,309,2
2026-03-24,600036,14:36:07,39.1500,117,1
2026-03-24,600036,14:36:10,39.1600,133,1
2026-03-24,600036,14:36:13,39.1500,9,2
2026-03-24,600036,14:36:16,39.1500,49,2
2026-03-24,600036,14:36:19,39.1600,55,1
2026-03-24,600036,14:36:22,39.1600,13,1
2026-03-24,600036,14:36:25,39.1500,12,2
2026-03-24,600036,14:36:28,39.1500,39,2
2026-03-24,600036,14:36:31,39.1500,17,2
2026-03-24,600036,14:36:34,39.1500,11,2
2026-03-24,600036,14:36:37,39.1600,8,1
2026-03-24,600036,14:36:40,39.1500,92,2
2026-03-24,600036,14:36:43,39.1600,33,1
2026-03-24,600036,14:36:46,39.1500,4,2
2026-03-24,600036,14:36:49,39.1600,22,1
2026-03-24,600036,14:36:52,39.1500,21,2
2026-03-24,600036,14:36:55,39.1500,16,2
2026-03-24,600036,14:36:58,39.1600,92,1
2026-03-24,600036,14:37:01,39.1600,53,1
2026-03-24,600036,14:37:04,39.1600,18,1
2026-03-24,600036,14:37:07,39.1600,330,1
2026-03-24,600036,14:37:10,39.1600,273,1
2026-03-24,600036,14:37:13,39.1600,11,1
2026-03-24,600036,14:37:16,39.1600,110,1
2026-03-24,600036,14:37:19,39.1600,26,2
2026-03-24,600036,14:37:22,39.1600,139,1
2026-03-24,600036,14:37:25,39.1700,83,1
2026-03-24,600036,14:37:31,39.1600,10,1
2026-03-24,600036,14:37:34,39.1600,271,1
2026-03-24,600036,14:37:37,39.1700,112,1
2026-03-24,600036,14:37:40,39.1600,30,2
2026-03-24,600036,14:37:43,39.1500,550,2
2026-03-24,600036,14:37:46,39.1400,111,2
2026-03-24,600036,14:37:49,39.1500,38,4
2026-03-24,600036,14:37:52,39.1500,61,2
2026-03-24,600036,14:37:55,39.1500,1,2
2026-03-24,600036,14:37:58,39.1500,11,2
2026-03-24,600036,14:38:01,39.1500,22,2
2026-03-24,600036,14:38:04,39.1600,51,1
2026-03-24,600036,14:38:07,39.1600,176,1
2026-03-24,600036,14:38:10,39.1700,29,1
2026-03-24,600036,14:38:13,39.1600,133,2
2026-03-24,600036,14:38:16,39.1700,161,1
2026-03-24,600036,14:38:19,39.1700,19,1
2026-03-24,600036,14:38:22,39.1600,16,2
2026-03-24,600036,14:38:25,39.1700,1,1
2026-03-24,600036,14:38:28,39.1600,115,2
2026-03-24,600036,14:38:31,39.1600,137,2
2026-03-24,600036,14:38:34,39.1600,197,2
2026-03-24,600036,14:38:37,39.1600,51,2
2026-03-24,600036,14:38:40,39.1700,59,1
2026-03-24,600036,14:38:43,39.1700,111,1
2026-03-24,600036,14:38:46,39.1600,82,2
2026-03-24,600036,14:38:49,39.1600,175,2
2026-03-24,600036,14:38:52,39.1600,56,2
2026-03-24,600036,14:38:55,39.1700,24,1
2026-03-24,600036,14:38:58,39.1700,78,1
2026-03-24,600036,14:39:01,39.1600,86,2
2026-03-24,600036,14:39:04,39.1700,177,1
2026-03-24,600036,14:39:07,39.1700,163,1
2026-03-24,600036,14:39:10,39.1600,12,2
2026-03-24,600036,14:39:13,39.1600,198,2
2026-03-24,600036,14:39:16,39.1700,8,1
2026-03-24,600036,14:39:19,39.1700,9,1
2026-03-24,600036,14:39:22,39.1600,89,2
2026-03-24,600036,14:39:25,39.1700,37,1
2026-03-24,600036,14:39:28,39.1700,63,1
2026-03-24,600036,14:39:31,39.1600,28,2
2026-03-24,600036,14:39:34,39.1600,91,2
2026-03-24,600036,14:39:37,39.1600,6,2
2026-03-24,600036,14:39:40,39.1700,129,1
2026-03-24,600036,14:39:43,39.1700,24,4
2026-03-24,600036,14:39:46,39.1700,199,1
2026-03-24,600036,14:39:49,39.1600,51,4
2026-03-24,600036,14:39:52,39.1600,16,4
2026-03-24,600036,14:39:55,39.1700,88,1
2026-03-24,600036,14:39:58,39.1600,77,4
2026-03-24,600036,14:40:01,39.1700,307,1
2026-03-24,600036,14:40:04,39.1600,94,2
2026-03-24,600036,14:40:07,39.1600,58,1
2026-03-24,600036,14:40:10,39.1700,14,1
2026-03-24,600036,14:40:13,39.1700,359,1
2026-03-24,600036,14:40:16,39.1800,1243,1
2026-03-24,600036,14:40:19,39.1800,195,4
2026-03-24,600036,14:40:22,39.1700,252,2
2026-03-24,600036,14:40:25,39.1900,36,1
2026-03-24,600036,14:40:28,39.1900,40,1
2026-03-24,600036,14:40:31,39.1900,24,1
2026-03-24,600036,14:40:34,39.1900,22,1
2026-03-24,600036,14:40:37,39.1900,17,1
2026-03-24,600036,14:40:40,39.1900,35,1
2026-03-24,600036,14:40:43,39.1900,22,1
2026-03-24,600036,14:40:46,39.1900,176,1
2026-03-24,600036,14:40:49,39.1900,19,1
2026-03-24,600036,14:40:52,39.1900,28,1
2026-03-24,600036,14:40:55,39.1900,22,1
2026-03-24,600036,14:40:58,39.1800,28,2
2026-03-24,600036,14:41:01,39.1800,528,2
2026-03-24,600036,14:41:04,39.2000,64,1
2026-03-24,600036,14:41:07,39.2000,30,1
2026-03-24,600036,14:41:10,39.2000,30,1
2026-03-24,600036,14:41:13,39.1900,145,2
2026-03-24,600036,14:41:16,39.2000,1413,1
2026-03-24,600036,14:41:19,39.2100,40,1
2026-03-24,600036,14:41:22,39.2000,92,2
2026-03-24,600036,14:41:25,39.2000,103,2
2026-03-24,600036,14:41:28,39.2100,293,1
2026-03-24,600036,14:41:31,39.2100,14,1
2026-03-24,600036,14:41:34,39.2000,40,2
2026-03-24,600036,14:41:37,39.2100,110,1
2026-03-24,600036,14:41:40,39.2100,20,1
2026-03-24,600036,14:41:43,39.2100,108,1
2026-03-24,600036,14:41:46,39.2100,1,1
2026-03-24,600036,14:41:49,39.2100,23,1
2026-03-24,600036,14:41:52,39.2000,9,2
2026-03-24,600036,14:41:55,39.2100,17,1
2026-03-24,600036,14:41:58,39.2100,197,1
2026-03-24,600036,14:42:01,39.2100,525,1
2026-03-24,600036,14:42:04,39.1900,605,2
2026-03-24,600036,14:42:07,39.2000,30,1
2026-03-24,600036,14:42:10,39.2000,9,1
2026-03-24,600036,14:42:13,39.1900,12,2
2026-03-24,600036,14:42:16,39.2000,3,1
2026-03-24,600036,14:42:19,39.1900,19,2
2026-03-24,600036,14:42:22,39.2000,80,1
2026-03-24,600036,14:42:25,39.1900,433,2
2026-03-24,600036,14:42:28,39.1900,228,1
2026-03-24,600036,14:42:31,39.2000,24,1
2026-03-24,600036,14:42:34,39.2000,11,1
2026-03-24,600036,14:42:37,39.2100,84,1
2026-03-24,600036,14:42:40,39.2100,18,1
2026-03-24,600036,14:42:43,39.2000,21,2
2026-03-24,600036,14:42:46,39.2000,28,2
2026-03-24,600036,14:42:49,39.2000,18,2
2026-03-24,600036,14:42:52,39.2100,23,1
2026-03-24,600036,14:42:55,39.2100,142,1
2026-03-24,600036,14:42:58,39.2200,115,1
2026-03-24,600036,14:43:01,39.2000,160,2
2026-03-24,600036,14:43:04,39.2000,373,2
2026-03-24,600036,14:43:07,39.2100,28,1
2026-03-24,600036,14:43:10,39.2200,96,1
2026-03-24,600036,14:43:13,39.2200,6,1
2026-03-24,600036,14:43:16,39.2200,32,1
2026-03-24,600036,14:43:19,39.2200,18,1
2026-03-24,600036,14:43:22,39.2100,80,2
2026-03-24,600036,14:43:25,39.2200,129,1
2026-03-24,600036,14:43:28,39.2100,314,2
2026-03-24,600036,14:43:31,39.2200,53,1
2026-03-24,600036,14:43:34,39.2100,57,2
2026-03-24,600036,14:43:37,39.2100,41,2
2026-03-24,600036,14:43:40,39.2100,35,2
2026-03-24,600036,14:43:43,39.2200,59,1
2026-03-24,600036,14:43:46,39.2200,49,1
2026-03-24,600036,14:43:49,39.2200,39,1
2026-03-24,600036,14:43:52,39.2200,37,1
2026-03-24,600036,14:43:55,39.2200,173,1
2026-03-24,600036,14:43:58,39.2100,32,2
2026-03-24,600036,14:44:01,39.2100,362,2
2026-03-24,600036,14:44:04,39.2100,344,1
2026-03-24,600036,14:44:07,39.2100,216,2
2026-03-24,600036,14:44:10,39.2100,61,1
2026-03-24,600036,14:44:13,39.2200,64,1
2026-03-24,600036,14:44:16,39.2100,47,2
2026-03-24,600036,14:44:19,39.2100,159,2
2026-03-24,600036,14:44:22,39.2200,143,1
2026-03-24,600036,14:44:25,39.2200,37,1
2026-03-24,600036,14:44:28,39.2100,79,2
2026-03-24,600036,14:44:31,39.2200,44,1
2026-03-24,600036,14:44:34,39.2300,132,1
2026-03-24,600036,14:44:37,39.2200,46,1
2026-03-24,600036,14:44:40,39.2200,20,1
2026-03-24,600036,14:44:43,39.2200,170,1
2026-03-24,600036,14:44:46,39.2300,66,1
2026-03-24,600036,14:44:49,39.2200,90,2
2026-03-24,600036,14:44:52,39.2300,110,1
2026-03-24,600036,14:44:55,39.2300,283,1
2026-03-24,600036,14:44:58,39.2300,25,1
2026-03-24,600036,14:45:01,39.2200,359,2
2026-03-24,600036,14:45:04,39.2200,91,2
2026-03-24,600036,14:45:07,39.2300,37,1
2026-03-24,600036,14:45:10,39.2300,159,1
2026-03-24,600036,14:45:13,39.2300,46,1
2026-03-24,600036,14:45:16,39.2300,73,1
2026-03-24,600036,14:45:19,39.2200,133,2
2026-03-24,600036,14:45:22,39.2200,194,2
2026-03-24,600036,14:45:25,39.2100,211,2
2026-03-24,600036,14:45:28,39.2100,23,2
2026-03-24,600036,14:45:31,39.2100,1409,2
2026-03-24,600036,14:45:34,39.2100,14,2
2026-03-24,600036,14:45:37,39.2200,36,1
2026-03-24,600036,14:45:40,39.2100,10,2
2026-03-24,600036,14:45:43,39.2200,50,1
2026-03-24,600036,14:45:46,39.2200,274,1
2026-03-24,600036,14:45:49,39.2100,1301,2
2026-03-24,600036,14:45:52,39.2100,94,1
2026-03-24,600036,14:45:55,39.2200,119,1
2026-03-24,600036,14:45:58,39.2100,53,2
2026-03-24,600036,14:46:01,39.2100,156,2
2026-03-24,600036,14:46:04,39.2100,19,2
2026-03-24,600036,14:46:07,39.2200,32,1
2026-03-24,600036,14:46:10,39.2100,315,2
2026-03-24,600036,14:46:13,39.2200,250,1
2026-03-24,600036,14:46:16,39.2100,704,2
2026-03-24,600036,14:46:19,39.2200,857,1
2026-03-24,600036,14:46:22,39.2200,91,2
2026-03-24,600036,14:46:25,39.2200,382,2
2026-03-24,600036,14:46:28,39.2200,4,2
2026-03-24,600036,14:46:31,39.2300,468,1
2026-03-24,600036,14:46:34,39.2300,149,1
2026-03-24,600036,14:46:37,39.2200,27,4
2026-03-24,600036,14:46:40,39.2100,42,2
2026-03-24,600036,14:46:43,39.2100,20,2
2026-03-24,600036,14:46:46,39.2200,281,1
2026-03-24,600036,14:46:49,39.2200,155,2
2026-03-24,600036,14:46:52,39.2100,58,2
2026-03-24,600036,14:46:55,39.2200,52,1
2026-03-24,600036,14:46:58,39.2200,181,2
2026-03-24,600036,14:47:01,39.2300,111,1
2026-03-24,600036,14:47:04,39.2300,113,1
2026-03-24,600036,14:47:07,39.2300,83,1
2026-03-24,600036,14:47:10,39.2400,115,1
2026-03-24,600036,14:47:13,39.2400,265,1
2026-03-24,600036,14:47:16,39.2200,47,2
2026-03-24,600036,14:47:19,39.2300,10,1
2026-03-24,600036,14:47:22,39.2300,89,1
2026-03-24,600036,14:47:25,39.2400,29,1
2026-03-24,600036,14:47:28,39.2300,6,2
2026-03-24,600036,14:47:31,39.2300,28,2
2026-03-24,600036,14:47:34,39.2400,14,1
2026-03-24,600036,14:47:37,39.2400,109,1
2026-03-24,600036,14:47:40,39.2400,67,1
2026-03-24,600036,14:47:43,39.2300,4,2
2026-03-24,600036,14:47:46,39.2300,136,2
2026-03-24,600036,14:47:49,39.2300,28,4
2026-03-24,600036,14:47:52,39.2300,159,1
2026-03-24,600036,14:47:55,39.2300,6,1
2026-03-24,600036,14:47:58,39.2200,13,2
2026-03-24,600036,14:48:01,39.2400,126,1
2026-03-24,600036,14:48:04,39.2400,34,1
2026-03-24,600036,14:48:07,39.2300,210,2
2026-03-24,600036,14:48:10,39.2300,28,2
2026-03-24,600036,14:48:13,39.2300,28,2
2026-03-24,600036,14:48:16,39.2400,42,1
2026-03-24,600036,14:48:19,39.2300,211,2
2026-03-24,600036,14:48:22,39.2300,15,2
2026-03-24,600036,14:48:25,39.2300,22,2
2026-03-24,600036,14:48:28,39.2300,233,2
2026-03-24,600036,14:48:31,39.2300,78,2
2026-03-24,600036,14:48:34,39.2200,33,2
2026-03-24,600036,14:48:37,39.2300,138,1
2026-03-24,600036,14:48:40,39.2300,32,1
2026-03-24,600036,14:48:43,39.2200,123,2
2026-03-24,600036,14:48:46,39.2300,19,1
2026-03-24,600036,14:48:49,39.2200,33,2
2026-03-24,600036,14:48:52,39.2200,31,2
2026-03-24,600036,14:48:55,39.2200,126,2
2026-03-24,600036,14:48:58,39.2300,162,1
2026-03-24,600036,14:49:01,39.2300,232,2
2026-03-24,600036,14:49:04,39.2200,1058,2
2026-03-24,600036,14:49:07,39.2300,279,4
2026-03-24,600036,14:49:10,39.2300,120,1
2026-03-24,600036,14:49:13,39.2300,80,2
2026-03-24,600036,14:49:16,39.2300,590,1
2026-03-24,600036,14:49:19,39.2300,5,1
2026-03-24,600036,14:49:22,39.2100,383,2
2026-03-24,600036,14:49:25,39.2200,4,1
2026-03-24,600036,14:49:28,39.2100,15,2
2026-03-24,600036,14:49:31,39.2100,175,2
2026-03-24,600036,14:49:34,39.2100,282,2
2026-03-24,600036,14:49:37,39.2200,340,1
2026-03-24,600036,14:49:40,39.2000,671,2
2026-03-24,600036,14:49:43,39.2100,12,4
2026-03-24,600036,14:49:46,39.2100,36,1
2026-03-24,600036,14:49:49,39.2000,125,2
2026-03-24,600036,14:49:52,39.2100,115,1
2026-03-24,600036,14:49:55,39.2100,31,1
2026-03-24,600036,14:49:58,39.2200,31,1
2026-03-24,600036,14:50:01,39.2100,281,2
2026-03-24,600036,14:50:04,39.2200,21,1
2026-03-24,600036,14:50:07,39.2200,74,1
2026-03-24,600036,14:50:10,39.2200,98,1
2026-03-24,600036,14:50:13,39.2200,167,1
2026-03-24,600036,14:50:16,39.2200,23,2
2026-03-24,600036,14:50:19,39.2200,84,2
2026-03-24,600036,14:50:22,39.2200,44,2
2026-03-24,600036,14:50:25,39.2300,40,1
2026-03-24,600036,14:50:28,39.2200,17,2
2026-03-24,600036,14:50:31,39.2300,54,1
2026-03-24,600036,14:50:34,39.2300,110,1
2026-03-24,600036,14:50:37,39.2300,161,1
2026-03-24,600036,14:50:40,39.2300,207,1
2026-03-24,600036,14:50:43,39.2200,1410,2
2026-03-24,600036,14:50:46,39.2300,206,1
2026-03-24,600036,14:50:49,39.2300,23,1
2026-03-24,600036,14:50:52,39.2300,23,1
2026-03-24,600036,14:50:55,39.2200,63,2
2026-03-24,600036,14:50:58,39.2300,121,1
2026-03-24,600036,14:51:01,39.2200,260,2
2026-03-24,600036,14:51:04,39.2200,144,2
2026-03-24,600036,14:51:07,39.2300,143,1
2026-03-24,600036,14:51:10,39.2200,60,2
2026-03-24,600036,14:51:13,39.2200,38,2
2026-03-24,600036,14:51:16,39.2300,48,1
2026-03-24,600036,14:51:19,39.2300,161,1
2026-03-24,600036,14:51:22,39.2300,6,1
2026-03-24,600036,14:51:25,39.2200,44,2
2026-03-24,600036,14:51:28,39.2300,240,1
2026-03-24,600036,14:51:31,39.2300,155,1
2026-03-24,600036,14:51:34,39.2200,125,2
2026-03-24,600036,14:51:37,39.2300,712,1
2026-03-24,600036,14:51:40,39.2200,222,2
2026-03-24,600036,14:51:43,39.2300,418,1
2026-03-24,600036,14:51:46,39.2200,99,2
2026-03-24,600036,14:51:49,39.2300,16,1
2026-03-24,600036,14:51:52,39.2200,71,2
2026-03-24,600036,14:51:55,39.2200,363,2
2026-03-24,600036,14:51:58,39.2100,130,2
2026-03-24,600036,14:52:01,39.2200,27,1
2026-03-24,600036,14:52:04,39.2100,798,2
2026-03-24,600036,14:52:07,39.2200,532,1
2026-03-24,600036,14:52:10,39.2300,166,1
2026-03-24,600036,14:52:13,39.2200,313,2
2026-03-24,600036,14:52:16,39.2200,100,2
2026-03-24,600036,14:52:19,39.2200,116,2
2026-03-24,600036,14:52:22,39.2300,164,1
2026-03-24,600036,14:52:25,39.2200,184,2
2026-03-24,600036,14:52:28,39.2300,56,1
2026-03-24,600036,14:52:31,39.2200,32,2
2026-03-24,600036,14:52:34,39.2300,55,1
2026-03-24,600036,14:52:37,39.2300,69,1
2026-03-24,600036,14:52:40,39.2200,24,2
2026-03-24,600036,14:52:43,39.2300,116,1
2026-03-24,600036,14:52:46,39.2300,224,1
2026-03-24,600036,14:52:49,39.2200,122,2
2026-03-24,600036,14:52:52,39.2300,54,1
2026-03-24,600036,14:52:55,39.2200,180,2
2026-03-24,600036,14:52:58,39.2200,84,2
2026-03-24,600036,14:53:01,39.2200,229,2
2026-03-24,600036,14:53:04,39.2200,75,2
2026-03-24,600036,14:53:07,39.2300,221,1
2026-03-24,600036,14:53:10,39.2300,142,1
2026-03-24,600036,14:53:13,39.2300,83,1
2026-03-24,600036,14:53:16,39.2200,63,2
2026-03-24,600036,14:53:19,39.2300,36,1
2026-03-24,600036,14:53:22,39.2200,27,2
2026-03-24,600036,14:53:25,39.2200,242,2
2026-03-24,600036,14:53:28,39.2300,42,1
2026-03-24,600036,14:53:31,39.2200,58,2
2026-03-24,600036,14:53:34,39.2200,1326,2
2026-03-24,600036,14:53:37,39.2200,57,2
2026-03-24,600036,14:53:40,39.2200,52,2
2026-03-24,600036,14:53:43,39.2300,197,1
2026-03-24,600036,14:53:46,39.2200,162,2
2026-03-24,600036,14:53:49,39.2300,60,1
2026-03-24,600036,14:53:52,39.2200,21,2
2026-03-24,600036,14:53:55,39.2200,5,2
2026-03-24,600036,14:53:58,39.2200,18,2
2026-03-24,600036,14:54:01,39.2300,99,1
2026-03-24,600036,14:54:04,39.2200,17,2
2026-03-24,600036,14:54:07,39.2300,995,1
2026-03-24,600036,14:54:10,39.2400,316,1
2026-03-24,600036,14:54:13,39.2500,1530,1
2026-03-24,600036,14:54:16,39.2400,154,2
2026-03-24,600036,14:54:19,39.2400,341,2
2026-03-24,600036,14:54:22,39.2400,246,2
2026-03-24,600036,14:54:25,39.2500,258,1
2026-03-24,600036,14:54:28,39.2400,602,2
2026-03-24,600036,14:54:31,39.2300,674,2
2026-03-24,600036,14:54:34,39.2300,1235,2
2026-03-24,600036,14:54:37,39.2300,308,1
2026-03-24,600036,14:54:40,39.2300,11,1
2026-03-24,600036,14:54:43,39.2200,105,2
2026-03-24,600036,14:54:46,39.2200,92,2
2026-03-24,600036,14:54:49,39.2300,49,1
2026-03-24,600036,14:54:52,39.2300,107,1
2026-03-24,600036,14:54:55,39.2300,264,1
2026-03-24,600036,14:54:58,39.2300,32,1
2026-03-24,600036,14:55:01,39.2300,76,1
2026-03-24,600036,14:55:04,39.2300,77,1
2026-03-24,600036,14:55:07,39.2400,159,1
2026-03-24,600036,14:55:10,39.2300,322,2
2026-03-24,600036,14:55:13,39.2300,120,1
2026-03-24,600036,14:55:16,39.2300,17,1
2026-03-24,600036,14:55:19,39.2200,428,2
2026-03-24,600036,14:55:22,39.2300,288,1
2026-03-24,600036,14:55:25,39.2200,133,2
2026-03-24,600036,14:55:28,39.2200,47,2
2026-03-24,600036,14:55:31,39.2200,88,2
2026-03-24,600036,14:55:34,39.2300,86,1
2026-03-24,600036,14:55:37,39.2200,139,2
2026-03-24,600036,14:55:40,39.2300,155,1
2026-03-24,600036,14:55:43,39.2200,143,2
2026-03-24,600036,14:55:46,39.2300,600,1
2026-03-24,600036,14:55:49,39.2200,515,1
2026-03-24,600036,14:55:52,39.2200,307,2
2026-03-24,600036,14:55:55,39.2200,123,1
2026-03-24,600036,14:55:58,39.2200,172,1
2026-03-24,600036,14:56:01,39.2200,436,1
2026-03-24,600036,14:56:04,39.2300,448,1
2026-03-24,600036,14:56:07,39.2200,70,2
2026-03-24,600036,14:56:10,39.2200,131,2
2026-03-24,600036,14:56:13,39.2200,115,2
2026-03-24,600036,14:56:16,39.2300,100,1
2026-03-24,600036,14:56:19,39.2300,38,1
2026-03-24,600036,14:56:22,39.2300,118,1
2026-03-24,600036,14:56:25,39.2200,24,4
2026-03-24,600036,14:56:28,39.2300,128,1
2026-03-24,600036,14:56:31,39.2200,105,2
2026-03-24,600036,14:56:34,39.2200,84,1
2026-03-24,600036,14:56:37,39.2200,131,1
2026-03-24,600036,14:56:40,39.2300,94,1
2026-03-24,600036,14:56:43,39.2200,199,2
2026-03-24,600036,14:56:46,39.2300,252,1
2026-03-24,600036,14:56:49,39.2300,160,1
2026-03-24,600036,14:56:52,39.2100,41,2
2026-03-24,600036,14:56:55,39.2100,34,2
2026-03-24,600036,14:56:58,39.2200,145,1
2026-03-24,600036,14:57:01,39.2200,165,2
2026-03-24,600036,15:00:02,39.2500,16364,4
2026-03-24,600036,13:15:43,39.2100,20,2
2026-03-24,600036,13:15:46,39.2200,32,1
2026-03-24,600036,13:15:49,39.2100,16,2
2026-03-24,600036,13:15:52,39.2200,56,1
2026-03-24,600036,13:15:55,39.2200,9,1
2026-03-24,600036,13:15:58,39.2100,55,2
2026-03-24,600036,13:16:01,39.2200,12,1
2026-03-24,600036,13:16:04,39.2200,130,1
2026-03-24,600036,13:16:07,39.2100,2,1
2026-03-24,600036,13:16:10,39.1900,274,2
2026-03-24,600036,13:16:13,39.2000,35,1
2026-03-24,600036,13:16:16,39.1800,1,2
2026-03-24,600036,13:16:19,39.1800,55,2
2026-03-24,600036,13:16:22,39.1800,33,2
2026-03-24,600036,13:16:25,39.1800,41,1
2026-03-24,600036,13:16:28,39.1800,34,1
2026-03-24,600036,13:16:31,39.1800,50,1
2026-03-24,600036,13:16:34,39.1800,44,2
2026-03-24,600036,13:16:37,39.1800,8,2
2026-03-24,600036,13:16:40,39.1800,71,1
2026-03-24,600036,13:16:43,39.1900,12,1
2026-03-24,600036,13:16:46,39.1800,71,2
2026-03-24,600036,13:16:49,39.1900,81,1
2026-03-24,600036,13:16:52,39.1900,10,1
2026-03-24,600036,13:16:55,39.1800,12,2
2026-03-24,600036,13:16:58,39.1900,25,1
2026-03-24,600036,13:17:01,39.1900,11,1
2026-03-24,600036,13:17:04,39.1800,466,2
2026-03-24,600036,13:17:07,39.1900,10,1
2026-03-24,600036,13:17:10,39.1900,41,1
2026-03-24,600036,13:17:13,39.1900,38,1
2026-03-24,600036,13:17:16,39.1900,185,1
2026-03-24,600036,13:17:19,39.1900,34,1
2026-03-24,600036,13:17:22,39.1900,46,1
2026-03-24,600036,13:17:25,39.1700,39,2
2026-03-24,600036,13:17:28,39.1900,26,1
2026-03-24,600036,13:17:31,39.1900,61,1
2026-03-24,600036,13:17:34,39.1900,1,1
2026-03-24,600036,13:17:37,39.1900,2,1
2026-03-24,600036,13:17:40,39.1900,25,1
2026-03-24,600036,13:17:43,39.2000,11,1
2026-03-24,600036,13:17:46,39.1900,37,2
2026-03-24,600036,13:17:49,39.2000,6,1
2026-03-24,600036,13:17:52,39.1900,16,1
2026-03-24,600036,13:17:55,39.1900,31,2
2026-03-24,600036,13:17:58,39.1900,15,2
2026-03-24,600036,13:18:01,39.1900,63,2
2026-03-24,600036,13:18:04,39.1900,61,2
2026-03-24,600036,13:18:07,39.1800,70,2
2026-03-24,600036,13:18:10,39.1900,51,1
2026-03-24,600036,13:18:13,39.1900,47,1
2026-03-24,600036,13:18:16,39.1900,14,1
2026-03-24,600036,13:18:19,39.1800,69,2
2026-03-24,600036,13:18:22,39.1800,6,2
2026-03-24,600036,13:18:25,39.1900,78,1
2026-03-24,600036,13:18:28,39.1800,16,2
2026-03-24,600036,13:18:31,39.1800,54,2
2026-03-24,600036,13:18:34,39.1900,26,1
2026-03-24,600036,13:18:37,39.1900,246,1
2026-03-24,600036,13:18:40,39.1800,40,2
2026-03-24,600036,13:18:43,39.1800,148,2
2026-03-24,600036,13:18:46,39.1900,12,1
2026-03-24,600036,13:18:49,39.1900,40,1
2026-03-24,600036,13:18:52,39.1900,145,1
2026-03-24,600036,13:18:55,39.1900,23,4
2026-03-24,600036,13:18:58,39.2000,426,1
2026-03-24,600036,13:19:01,39.2000,14,1
2026-03-24,600036,13:19:04,39.2100,102,1
2026-03-24,600036,13:19:07,39.2100,62,1
2026-03-24,600036,13:19:10,39.2000,20,2
2026-03-24,600036,13:19:13,39.2100,21,1
2026-03-24,600036,13:19:16,39.2000,30,2
2026-03-24,600036,13:19:19,39.2100,118,1
2026-03-24,600036,13:19:22,39.2100,55,1
2026-03-24,600036,13:19:25,39.2000,66,2
2026-03-24,600036,13:19:28,39.2000,48,2
2026-03-24,600036,13:19:31,39.2000,27,2
2026-03-24,600036,13:19:34,39.2100,19,1
2026-03-24,600036,13:19:37,39.2000,6,2
2026-03-24,600036,13:19:40,39.2000,11,2
2026-03-24,600036,13:19:43,39.2100,223,1
2026-03-24,600036,13:19:46,39.2100,7,1
2026-03-24,600036,13:19:49,39.2100,104,1
2026-03-24,600036,13:19:52,39.2000,13,2
2026-03-24,600036,13:19:55,39.2100,8,1
2026-03-24,600036,13:19:58,39.2100,13,2
2026-03-24,600036,13:20:01,39.2100,15,2
2026-03-24,600036,13:20:04,39.2100,32,2
2026-03-24,600036,13:20:07,39.2100,399,2
2026-03-24,600036,13:20:10,39.2200,52,1
2026-03-24,600036,13:20:13,39.2100,22,2
2026-03-24,600036,13:20:16,39.2100,32,2
2026-03-24,600036,13:20:19,39.2100,18,2
2026-03-24,600036,13:20:22,39.2200,667,1
2026-03-24,600036,13:20:25,39.2200,85,2
2026-03-24,600036,13:20:28,39.2200,89,2
2026-03-24,600036,13:20:31,39.2300,134,1
2026-03-24,600036,13:20:34,39.2300,28,1
2026-03-24,600036,13:20:37,39.2300,26,1
2026-03-24,600036,13:20:40,39.2300,22,1
2026-03-24,600036,13:20:43,39.2200,28,2
2026-03-24,600036,13:20:46,39.2300,16,1
2026-03-24,600036,13:20:49,39.2300,18,1
2026-03-24,600036,13:20:52,39.2300,106,1
2026-03-24,600036,13:20:55,39.2300,93,1
2026-03-24,600036,13:20:58,39.2300,44,1
2026-03-24,600036,13:21:01,39.2300,9,1
2026-03-24,600036,13:21:04,39.2300,88,1
2026-03-24,600036,13:21:07,39.2300,3,1
2026-03-24,600036,13:21:10,39.2300,29,1
2026-03-24,600036,13:21:13,39.2300,11,1
2026-03-24,600036,13:21:16,39.2300,17,1
2026-03-24,600036,13:21:19,39.2300,25,1
2026-03-24,600036,13:21:22,39.2300,28,1
2026-03-24,600036,13:21:25,39.2200,213,2
2026-03-24,600036,13:21:28,39.2200,27,2
2026-03-24,600036,13:21:31,39.2200,87,2
2026-03-24,600036,13:21:34,39.2300,5,1
2026-03-24,600036,13:21:37,39.2300,79,1
2026-03-24,600036,13:21:40,39.2300,6,1
2026-03-24,600036,13:21:43,39.2300,4,1
2026-03-24,600036,13:21:49,39.2300,12,1
2026-03-24,600036,13:21:52,39.2300,112,1
2026-03-24,600036,13:21:55,39.2200,5,2
2026-03-24,600036,13:21:58,39.2200,46,2
2026-03-24,600036,13:22:01,39.2300,33,1
2026-03-24,600036,13:22:04,39.2200,151,2
2026-03-24,600036,13:22:07,39.2200,16,2
2026-03-24,600036,13:22:13,39.2300,16,1
2026-03-24,600036,13:22:16,39.2200,23,2
2026-03-24,600036,13:22:19,39.2300,199,1
2026-03-24,600036,13:22:22,39.2300,69,1
2026-03-24,600036,13:22:25,39.2400,25,1
2026-03-24,600036,13:22:28,39.2400,47,1
2026-03-24,600036,13:22:31,39.2400,23,1
2026-03-24,600036,13:22:34,39.2300,57,2
2026-03-24,600036,13:22:37,39.2400,9,1
2026-03-24,600036,13:22:40,39.2400,76,1
2026-03-24,600036,13:22:43,39.2400,20,1
2026-03-24,600036,13:22:46,39.2400,28,1
2026-03-24,600036,13:22:49,39.2300,187,2
2026-03-24,600036,13:22:52,39.2300,24,1
2026-03-24,600036,13:22:58,39.2300,42,1
2026-03-24,600036,13:23:01,39.2300,1301,1
2026-03-24,600036,13:23:04,39.2200,24,2
2026-03-24,600036,13:23:07,39.2200,58,2
2026-03-24,600036,13:23:10,39.2300,17,1
2026-03-24,600036,13:23:13,39.2300,16,1
2026-03-24,600036,13:23:16,39.2300,36,2
2026-03-24,600036,13:23:19,39.2200,9,2
2026-03-24,600036,13:23:22,39.2200,3,2
2026-03-24,600036,13:23:25,39.2200,40,2
2026-03-24,600036,13:23:28,39.2300,297,1
2026-03-24,600036,13:23:31,39.2300,17,2
2026-03-24,600036,13:23:34,39.2300,81,2
2026-03-24,600036,13:23:37,39.2300,17,2
2026-03-24,600036,13:23:40,39.2300,687,2
2026-03-24,600036,13:23:43,39.2300,4,1
2026-03-24,600036,13:23:46,39.2300,140,1
2026-03-24,600036,13:23:49,39.2300,17,1
2026-03-24,600036,13:23:52,39.2200,75,2
2026-03-24,600036,13:23:55,39.2300,29,1
2026-03-24,600036,13:23:58,39.2200,36,2
2026-03-24,600036,13:24:01,39.2200,21,2
2026-03-24,600036,13:24:04,39.2300,21,1
2026-03-24,600036,13:24:07,39.2300,22,1
2026-03-24,600036,13:24:10,39.2300,46,1
2026-03-24,600036,13:24:13,39.2300,8,1
2026-03-24,600036,13:24:16,39.2200,47,2
2026-03-24,600036,13:24:19,39.2200,7,2
2026-03-24,600036,13:24:22,39.2300,35,1
2026-03-24,600036,13:24:25,39.2200,41,2
2026-03-24,600036,13:24:28,39.2200,9,1
2026-03-24,600036,13:24:31,39.2200,8,1
2026-03-24,600036,13:24:34,39.2200,24,1
2026-03-24,600036,13:24:37,39.2200,16,2
2026-03-24,600036,13:24:40,39.2200,42,2
2026-03-24,600036,13:24:43,39.2200,29,2
2026-03-24,600036,13:24:46,39.2200,46,2
2026-03-24,600036,13:24:49,39.2300,60,1
2026-03-24,600036,13:24:52,39.2300,29,1
2026-03-24,600036,13:24:55,39.2300,47,1
2026-03-24,600036,13:24:58,39.2300,10,1
2026-03-24,600036,13:25:01,39.2200,15,2
2026-03-24,600036,13:25:04,39.2300,21,1
2026-03-24,600036,13:25:07,39.2200,35,2
2026-03-24,600036,13:25:10,39.2200,26,2
2026-03-24,600036,13:25:13,39.2200,108,2
2026-03-24,600036,13:25:16,39.2300,20,1
2026-03-24,600036,13:25:19,39.2200,105,2
2026-03-24,600036,13:25:22,39.2200,510,2
2026-03-24,600036,13:25:25,39.2200,32,1
2026-03-24,600036,13:25:28,39.2100,16,2
2026-03-24,600036,13:25:31,39.2200,10,1
2026-03-24,600036,13:25:34,39.2100,16,2
2026-03-24,600036,13:25:37,39.2200,12,1
2026-03-24,600036,13:25:40,39.2200,119,1
2026-03-24,600036,13:25:43,39.2200,157,1
2026-03-24,600036,13:25:49,39.2200,17,1
2026-03-24,600036,13:25:52,39.2100,13,2
2026-03-24,600036,13:25:55,39.2000,758,2
2026-03-24,600036,13:25:58,39.2000,5,2
2026-03-24,600036,13:26:01,39.2000,152,2
2026-03-24,600036,13:26:04,39.2200,30,1
2026-03-24,600036,13:26:07,39.2000,33,2
2026-03-24,600036,13:26:10,39.2100,55,1
2026-03-24,600036,13:26:13,39.2000,105,2
2026-03-24,600036,13:26:16,39.2100,27,1
2026-03-24,600036,13:26:19,39.2000,136,2
2026-03-24,600036,13:26:22,39.2000,282,2
2026-03-24,600036,13:26:25,39.2000,27,1
2026-03-24,600036,13:26:28,39.2000,5,1
2026-03-24,600036,13:26:31,39.2000,129,1
2026-03-24,600036,13:26:34,39.2000,55,1
2026-03-24,600036,13:26:37,39.2000,19,1
2026-03-24,600036,13:26:40,39.2000,18,1
2026-03-24,600036,13:26:43,39.2000,86,1
2026-03-24,600036,13:26:46,39.2000,14,1
2026-03-24,600036,13:26:49,39.1900,12,2
2026-03-24,600036,13:26:52,39.2000,19,1
2026-03-24,600036,13:26:55,39.2000,3,1
2026-03-24,600036,13:26:58,39.2000,11,1
2026-03-24,600036,13:27:01,39.2000,21,1
2026-03-24,600036,13:27:04,39.2000,71,1
2026-03-24,600036,13:27:07,39.1900,133,2
2026-03-24,600036,13:27:10,39.2000,42,1
2026-03-24,600036,13:27:13,39.2000,35,1
2026-03-24,600036,13:27:16,39.1900,70,2
2026-03-24,600036,13:27:19,39.1900,193,2
2026-03-24,600036,13:27:22,39.1800,20,2
2026-03-24,600036,13:27:25,39.1900,118,1
2026-03-24,600036,13:27:28,39.1900,198,2
2026-03-24,600036,13:27:31,39.1800,306,2
2026-03-24,600036,13:27:34,39.1800,9,1
2026-03-24,600036,13:27:37,39.1700,11,2
2026-03-24,600036,13:27:40,39.1700,26,2
2026-03-24,600036,13:27:43,39.1700,39,2
2026-03-24,600036,13:27:46,39.1700,506,2
2026-03-24,600036,13:27:49,39.1700,13,1
2026-03-24,600036,13:27:52,39.1700,71,1
2026-03-24,600036,13:27:55,39.1600,74,2
2026-03-24,600036,13:27:58,39.1600,48,1
2026-03-24,600036,13:28:01,39.1600,14,2
2026-03-24,600036,13:28:04,39.1500,521,2
2026-03-24,600036,13:28:07,39.1600,62,1
2026-03-24,600036,13:28:10,39.1500,112,2
2026-03-24,600036,13:28:13,39.1600,55,1
2026-03-24,600036,13:28:16,39.1600,36,2
2026-03-24,600036,13:28:19,39.1600,22,2
2026-03-24,600036,13:28:22,39.1600,7,2
2026-03-24,600036,13:28:25,39.1700,21,1
2026-03-24,600036,13:28:28,39.1600,5,2
2026-03-24,600036,13:28:31,39.1600,103,2
2026-03-24,600036,13:28:34,39.1700,31,1
2026-03-24,600036,13:28:37,39.1800,29,1
2026-03-24,600036,13:28:40,39.1600,3,2
2026-03-24,600036,13:28:43,39.1600,46,2
2026-03-24,600036,13:28:46,39.1700,15,1
2026-03-24,600036,13:28:49,39.1700,36,1
2026-03-24,600036,13:28:52,39.1700,12,1
2026-03-24,600036,13:28:55,39.1700,46,1
2026-03-24,600036,13:28:58,39.1500,531,2
2026-03-24,600036,13:29:01,39.1600,17,2
2026-03-24,600036,13:29:04,39.1500,77,2
2026-03-24,600036,13:29:07,39.1600,5,1
2026-03-24,600036,13:29:10,39.1600,37,1
2026-03-24,600036,13:29:13,39.1600,15,1
2026-03-24,600036,13:29:16,39.1500,151,2
2026-03-24,600036,13:29:19,39.1600,32,1
2026-03-24,600036,13:29:22,39.1600,98,1
2026-03-24,600036,13:29:25,39.1600,74,2
2026-03-24,600036,13:29:28,39.1600,18,2
2026-03-24,600036,13:29:31,39.1700,42,1
2026-03-24,600036,13:29:34,39.1700,14,1
2026-03-24,600036,13:29:37,39.1700,29,1
2026-03-24,600036,13:29:43,39.1700,9,1
2026-03-24,600036,13:29:46,39.1600,119,2
2026-03-24,600036,13:29:49,39.1700,5,1
2026-03-24,600036,13:29:52,39.1600,50,2
2026-03-24,600036,13:29:55,39.1600,40,2
2026-03-24,600036,13:29:58,39.1600,16,2
2026-03-24,600036,13:30:01,39.1700,43,1
2026-03-24,600036,13:30:04,39.1700,73,1
2026-03-24,600036,13:30:07,39.1600,39,2
2026-03-24,600036,13:30:10,39.1700,69,1
2026-03-24,600036,13:30:13,39.1600,23,2
2026-03-24,600036,13:30:16,39.1600,76,2
2026-03-24,600036,13:30:19,39.1700,18,1
2026-03-24,600036,13:30:22,39.1700,24,1
2026-03-24,600036,13:30:25,39.1600,1,2
2026-03-24,600036,13:30:28,39.1600,12,2
2026-03-24,600036,13:30:31,39.1600,519,2
2026-03-24,600036,13:30:34,39.1600,4,1
2026-03-24,600036,13:30:37,39.1600,18,1
2026-03-24,600036,13:30:40,39.1600,39,1
2026-03-24,600036,13:30:43,39.1500,174,2
2026-03-24,600036,13:30:46,39.1400,280,2
2026-03-24,600036,13:30:49,39.1400,90,1
2026-03-24,600036,13:30:52,39.1400,35,2
2026-03-24,600036,13:30:55,39.1400,62,1
2026-03-24,600036,13:30:58,39.1400,55,1
2026-03-24,600036,13:31:01,39.1400,15,2
2026-03-24,600036,13:31:04,39.1400,7,2
2026-03-24,600036,13:31:07,39.1400,43,2
2026-03-24,600036,13:31:10,39.1400,1,1
2026-03-24,600036,13:31:13,39.1500,658,1
2026-03-24,600036,13:31:16,39.1500,77,2
2026-03-24,600036,13:31:19,39.1300,25,2
2026-03-24,600036,13:31:22,39.1500,68,1
2026-03-24,600036,13:31:25,39.1500,21,1
2026-03-24,600036,13:31:28,39.1400,22,2
2026-03-24,600036,13:31:31,39.1400,61,2
2026-03-24,600036,13:31:34,39.1400,9,2
2026-03-24,600036,13:31:37,39.1400,41,2
2026-03-24,600036,13:31:40,39.1300,478,2
2026-03-24,600036,13:31:43,39.1300,1,1
2026-03-24,600036,13:31:46,39.1300,10,1
2026-03-24,600036,13:31:49,39.1300,6,1
2026-03-24,600036,13:31:52,39.1200,108,2
2026-03-24,600036,13:31:55,39.1300,25,1
2026-03-24,600036,13:31:58,39.1200,6,2
2026-03-24,600036,13:32:01,39.1300,35,1
2026-03-24,600036,13:32:04,39.1300,9,1
2026-03-24,600036,13:32:07,39.1300,48,1
2026-03-24,600036,13:32:10,39.1300,36,2
2026-03-24,600036,13:32:13,39.1200,70,2
2026-03-24,600036,13:32:16,39.1300,27,1
2026-03-24,600036,13:32:19,39.1300,43,1
2026-03-24,600036,13:32:22,39.1300,17,2
2026-03-24,600036,13:32:25,39.1300,19,2
2026-03-24,600036,13:32:28,39.1300,25,2
2026-03-24,600036,13:32:31,39.1400,144,1
2026-03-24,600036,13:32:34,39.1400,49,1
2026-03-24,600036,13:32:37,39.1400,26,1
2026-03-24,600036,13:32:40,39.1300,117,2
2026-03-24,600036,13:32:43,39.1300,22,1
2026-03-24,600036,13:32:46,39.1300,22,1
2026-03-24,600036,13:32:49,39.1300,12,1
2026-03-24,600036,13:32:52,39.1200,12,2
2026-03-24,600036,13:32:55,39.1200,94,2
2026-03-24,600036,13:32:58,39.1300,82,1
2026-03-24,600036,13:33:01,39.1400,28,1
2026-03-24,600036,13:33:04,39.1400,4,1
2026-03-24,600036,13:33:07,39.1400,12,1
2026-03-24,600036,13:33:10,39.1400,5,1
2026-03-24,600036,13:33:13,39.1300,59,2
2026-03-24,600036,13:33:16,39.1300,11,2
2026-03-24,600036,13:33:19,39.1300,7,2
2026-03-24,600036,13:33:22,39.1300,816,2
2026-03-24,600036,13:33:25,39.1300,5,1
2026-03-24,600036,13:33:28,39.1300,101,1
2026-03-24,600036,13:33:31,39.1300,54,2
2026-03-24,600036,13:33:34,39.1300,17,2
2026-03-24,600036,13:33:37,39.1400,48,1
2026-03-24,600036,13:33:40,39.1500,162,1
2026-03-24,600036,13:33:43,39.1400,2,2
2026-03-24,600036,13:33:46,39.1500,25,1
2026-03-24,600036,13:33:49,39.1600,697,1
2026-03-24,600036,13:33:52,39.1500,20,4
2026-03-24,600036,13:33:55,39.1500,43,1
2026-03-24,600036,13:33:58,39.1600,39,1
2026-03-24,600036,13:34:01,39.1500,490,2
2026-03-24,600036,13:34:04,39.1500,25,1
2026-03-24,600036,13:34:07,39.1500,28,1
2026-03-24,600036,13:34:10,39.1500,22,1
2026-03-24,600036,13:34:13,39.1400,353,2
2026-03-24,600036,13:34:16,39.1400,41,2
2026-03-24,600036,13:34:19,39.1400,62,2
2026-03-24,600036,13:34:22,39.1500,51,1
2026-03-24,600036,13:34:25,39.1400,68,2
2026-03-24,600036,13:34:28,39.1500,9,1
2026-03-24,600036,13:34:31,39.1500,31,1
2026-03-24,600036,13:34:34,39.1500,18,1
2026-03-24,600036,13:34:37,39.1500,190,1
2026-03-24,600036,13:34:40,39.1500,35,1
2026-03-24,600036,13:34:43,39.1500,11,1
2026-03-24,600036,13:34:46,39.1500,12,1
2026-03-24,600036,13:34:49,39.1400,22,2
2026-03-24,600036,13:34:52,39.1500,28,1
2026-03-24,600036,13:34:55,39.1500,65,1
2026-03-24,600036,13:34:58,39.1500,10,1
2026-03-24,600036,13:35:01,39.1500,3,1
2026-03-24,600036,13:35:04,39.1500,4,1
2026-03-24,600036,13:35:07,39.1500,4,1
2026-03-24,600036,13:35:10,39.1500,38,1
2026-03-24,600036,13:35:13,39.1500,14,1
2026-03-24,600036,13:35:16,39.1400,9,2
2026-03-24,600036,13:35:19,39.1400,32,2
2026-03-24,600036,13:35:22,39.1500,35,1
2026-03-24,600036,13:35:25,39.1500,142,1
2026-03-24,600036,13:35:28,39.1500,57,2
2026-03-24,600036,13:35:31,39.1600,7,1
2026-03-24,600036,13:35:34,39.1500,5,2
2026-03-24,600036,13:35:37,39.1500,49,2
2026-03-24,600036,13:35:40,39.1500,59,2
2026-03-24,600036,13:35:43,39.1500,11,1
2026-03-24,600036,13:35:46,39.1400,24,2
2026-03-24,600036,13:35:49,39.1400,25,2
2026-03-24,600036,13:35:52,39.1500,8,1
2026-03-24,600036,13:35:55,39.1500,22,1
2026-03-24,600036,13:35:58,39.1400,15,2
2026-03-24,600036,13:36:01,39.1400,9,2
2026-03-24,600036,13:36:04,39.1500,26,1
2026-03-24,600036,13:36:07,39.1500,26,1
2026-03-24,600036,13:36:10,39.1500,7,1
2026-03-24,600036,13:36:13,39.1500,10,1
2026-03-24,600036,13:36:16,39.1500,31,1
2026-03-24,600036,13:36:19,39.1400,358,2
2026-03-24,600036,13:36:22,39.1400,69,1
2026-03-24,600036,13:36:25,39.1400,7,1
2026-03-24,600036,13:36:28,39.1400,12,1
2026-03-24,600036,13:36:31,39.1300,62,2
2026-03-24,600036,13:36:34,39.1400,36,1
2026-03-24,600036,13:36:37,39.1400,8,1
2026-03-24,600036,13:36:40,39.1400,36,1
2026-03-24,600036,13:36:43,39.1300,130,2
2026-03-24,600036,13:36:46,39.1300,2,1
2026-03-24,600036,13:36:49,39.1200,41,2
2026-03-24,600036,13:36:52,39.1200,345,2
2026-03-24,600036,13:36:55,39.1300,53,1
2026-03-24,600036,13:36:58,39.1200,21,2
2026-03-24,600036,13:37:01,39.1200,18,2
2026-03-24,600036,13:37:04,39.1200,40,2
2026-03-24,600036,13:37:07,39.1200,47,1
2026-03-24,600036,13:37:10,39.1200,95,2
2026-03-24,600036,13:37:13,39.1300,128,1
2026-03-24,600036,13:37:16,39.1300,58,2
2026-03-24,600036,13:37:19,39.1400,152,1
2026-03-24,600036,13:37:22,39.1400,69,1
2026-03-24,600036,13:37:25,39.1500,6,1
2026-03-24,600036,13:37:28,39.1400,1,2
2026-03-24,600036,13:37:31,39.1400,7,2
2026-03-24,600036,13:37:34,39.1500,73,1
2026-03-24,600036,13:37:37,39.1500,20,1
2026-03-24,600036,13:37:40,39.1500,63,1
2026-03-24,600036,13:37:43,39.1500,20,1
2026-03-24,600036,13:37:46,39.1500,31,1
2026-03-24,600036,13:37:49,39.1400,48,2
2026-03-24,600036,13:37:52,39.1500,55,4
2026-03-24,600036,13:37:55,39.1400,1252,2
2026-03-24,600036,13:37:58,39.1400,24,1
2026-03-24,600036,13:38:01,39.1300,11,1
2026-03-24,600036,13:38:04,39.1300,50,1
2026-03-24,600036,13:38:07,39.1300,14,2
2026-03-24,600036,13:38:10,39.1500,115,1
2026-03-24,600036,13:38:13,39.1500,26,1
2026-03-24,600036,13:38:16,39.1500,14,1
2026-03-24,600036,13:38:19,39.1400,80,2
2026-03-24,600036,13:38:22,39.1300,1367,2
2026-03-24,600036,13:38:25,39.1300,28,1
2026-03-24,600036,13:38:28,39.1400,18,1
2026-03-24,600036,13:38:31,39.1300,24,4
2026-03-24,600036,13:38:34,39.1200,38,2
2026-03-24,600036,13:38:37,39.1400,5,1
2026-03-24,600036,13:38:40,39.1400,58,1
2026-03-24,600036,13:38:43,39.1400,20,1
2026-03-24,600036,13:38:46,39.1400,61,1
2026-03-24,600036,13:38:49,39.1300,30,2
2026-03-24,600036,13:38:52,39.1400,80,1
2026-03-24,600036,13:38:55,39.1500,120,1
2026-03-24,600036,13:38:58,39.1500,22,1
2026-03-24,600036,13:39:01,39.1200,109,2
2026-03-24,600036,13:39:04,39.1300,51,1
2026-03-24,600036,13:39:10,39.1200,102,2
2026-03-24,600036,13:39:13,39.1400,41,1
2026-03-24,600036,13:39:16,39.1300,56,2
2026-03-24,600036,13:39:19,39.1400,1,1
2026-03-24,600036,13:39:22,39.1400,37,1
2026-03-24,600036,13:39:25,39.1400,21,1
2026-03-24,600036,13:39:28,39.1400,15,1
2026-03-24,600036,13:39:31,39.1400,76,2
2026-03-24,600036,13:39:34,39.1400,21,1
2026-03-24,600036,13:39:37,39.1400,96,1
2026-03-24,600036,13:39:40,39.1300,41,2
2026-03-24,600036,13:39:43,39.1400,267,1
2026-03-24,600036,13:39:46,39.1200,329,2
2026-03-24,600036,13:39:49,39.1200,4,1
2026-03-24,600036,13:39:52,39.1200,38,1
2026-03-24,600036,13:39:55,39.1200,19,1
2026-03-24,600036,13:39:58,39.1200,4,1
2026-03-24,600036,13:40:01,39.1200,17,1
2026-03-24,600036,13:40:04,39.1300,58,1
2026-03-24,600036,13:40:07,39.1100,8,2
2026-03-24,600036,13:40:10,39.1200,17,1
2026-03-24,600036,13:40:13,39.1100,14,2
2026-03-24,600036,13:40:16,39.1100,19,2
2026-03-24,600036,13:40:19,39.1200,68,1
2026-03-24,600036,13:40:22,39.1100,8,2
2026-03-24,600036,13:40:25,39.1200,25,1
2026-03-24,600036,13:40:28,39.1200,40,1
2026-03-24,600036,13:40:31,39.1200,26,1
2026-03-24,600036,13:40:34,39.1200,222,1
2026-03-24,600036,13:40:37,39.1200,40,1
2026-03-24,600036,13:40:40,39.1100,73,2
2026-03-24,600036,13:40:43,39.1300,73,1
2026-03-24,600036,13:40:46,39.0900,1386,2
2026-03-24,600036,13:40:49,39.0900,54,2
2026-03-24,600036,13:40:52,39.0900,6,2
2026-03-24,600036,13:40:55,39.1200,67,1
2026-03-24,600036,13:40:58,39.1100,37,4
2026-03-24,600036,13:41:01,39.1100,23,2
2026-03-24,600036,13:41:04,39.1100,14,2
2026-03-24,600036,13:41:07,39.1100,13,2
2026-03-24,600036,13:41:10,39.1000,156,2
2026-03-24,600036,13:41:13,39.1000,21,2
2026-03-24,600036,13:41:16,39.1000,31,1
2026-03-24,600036,13:41:19,39.1000,4,1
2026-03-24,600036,13:41:22,39.1000,74,1
2026-03-24,600036,13:41:25,39.1100,47,1
2026-03-24,600036,13:41:28,39.1100,23,1
2026-03-24,600036,13:41:31,39.1100,9,1
2026-03-24,600036,13:41:34,39.1100,4,1
2026-03-24,600036,13:41:37,39.1100,26,1
2026-03-24,600036,13:41:40,39.1200,288,1
2026-03-24,600036,13:41:43,39.1200,59,1
2026-03-24,600036,13:41:46,39.1200,13,1
2026-03-24,600036,13:41:49,39.1200,59,1
2026-03-24,600036,13:41:52,39.1200,14,1
2026-03-24,600036,13:41:55,39.1000,396,2
2026-03-24,600036,13:41:58,39.1000,997,2
2026-03-24,600036,13:42:01,39.1000,49,4
2026-03-24,600036,13:42:07,39.1000,36,2
2026-03-24,600036,13:42:10,39.1000,87,1
2026-03-24,600036,13:42:13,39.1000,2,1
2026-03-24,600036,13:42:16,39.1000,19,1
2026-03-24,600036,13:42:19,39.1000,59,1
2026-03-24,600036,13:42:22,39.1000,4,1
2026-03-24,600036,13:42:25,39.1100,6,1
2026-03-24,600036,13:42:28,39.1000,28,2
2026-03-24,600036,13:42:31,39.1100,5,1
2026-03-24,600036,13:42:34,39.1200,25,1
2026-03-24,600036,13:42:37,39.1100,18,4
2026-03-24,600036,13:42:40,39.1100,22,1
2026-03-24,600036,13:42:43,39.1100,80,1
2026-03-24,600036,13:42:46,39.1000,253,2
2026-03-24,600036,13:42:49,39.1000,1,1
2026-03-24,600036,13:42:52,39.1000,7,1
2026-03-24,600036,13:42:55,39.1100,53,1
2026-03-24,600036,13:42:58,39.0800,1105,2
2026-03-24,600036,13:43:01,39.0900,18,1
2026-03-24,600036,13:43:04,39.0900,85,1
2026-03-24,600036,13:43:07,39.0800,178,2
2026-03-24,600036,13:43:10,39.0900,145,1
2026-03-24,600036,13:43:13,39.0800,42,2
2026-03-24,600036,13:43:16,39.0800,23,2
2026-03-24,600036,13:43:19,39.0800,109,2
2026-03-24,600036,13:43:22,39.0900,26,1
2026-03-24,600036,13:43:25,39.0900,52,1
2026-03-24,600036,13:43:28,39.0800,122,2
2026-03-24,600036,13:43:31,39.0800,26,1
2026-03-24,600036,13:43:34,39.0800,8,1
2026-03-24,600036,13:43:37,39.0800,3,1
2026-03-24,600036,13:43:40,39.0800,6,1
2026-03-24,600036,13:43:43,39.0800,25,1
2026-03-24,600036,13:43:46,39.0700,35,2
2026-03-24,600036,13:43:49,39.0700,30,2
2026-03-24,600036,13:43:52,39.0700,11,2
2026-03-24,600036,13:43:55,39.0800,49,1
2026-03-24,600036,13:43:58,39.0800,5,1
2026-03-24,600036,13:44:01,39.0700,98,2
2026-03-24,600036,13:44:04,39.0800,202,1
2026-03-24,600036,13:44:07,39.0800,4,1
2026-03-24,600036,13:44:10,39.0800,55,1
2026-03-24,600036,13:44:13,39.0900,29,1
2026-03-24,600036,13:44:16,39.0800,71,2
2026-03-24,600036,13:44:19,39.0900,8,1
2026-03-24,600036,13:44:25,39.0900,27,1
2026-03-24,600036,13:44:28,39.0900,33,1
2026-03-24,600036,13:44:31,39.0900,32,1
2026-03-24,600036,13:44:34,39.0900,43,1
2026-03-24,600036,13:44:37,39.0800,177,2
2026-03-24,600036,13:44:40,39.0800,62,1
2026-03-24,600036,13:44:43,39.0900,107,1
2026-03-24,600036,13:44:46,39.1000,505,1
2026-03-24,600036,13:44:49,39.1100,28,1
2026-03-24,600036,13:44:52,39.0900,51,2
2026-03-24,600036,13:44:55,39.1100,39,1
2026-03-24,600036,13:44:58,39.1100,5,1
2026-03-24,600036,13:45:01,39.1000,31,1
2026-03-24,600036,13:45:04,39.1000,15,1
2026-03-24,600036,13:45:07,39.1000,12,1
2026-03-24,600036,13:45:10,39.1000,30,1
2026-03-24,600036,13:45:13,39.1000,5,1
2026-03-24,600036,13:45:16,39.1000,27,1
2026-03-24,600036,13:45:19,39.1000,1,1
2026-03-24,600036,13:45:22,39.1000,44,1
2026-03-24,600036,13:45:25,39.0800,66,2
2026-03-24,600036,13:45:28,39.1000,22,1
2026-03-24,600036,13:45:31,39.0800,10,2
2026-03-24,600036,13:45:34,39.1000,26,1
2026-03-24,600036,13:45:37,39.1000,111,1
2026-03-24,600036,13:45:40,39.1000,34,2
2026-03-24,600036,13:45:43,39.1000,49,1
2026-03-24,600036,13:45:46,39.1000,1,2
2026-03-24,600036,13:45:49,39.1000,2,1
2026-03-24,600036,13:45:52,39.1000,30,1
2026-03-24,600036,13:45:55,39.1100,52,1
2026-03-24,600036,13:45:58,39.0900,57,2
2026-03-24,600036,13:46:01,39.1000,272,2
2026-03-24,600036,13:46:04,39.1000,22,2
2026-03-24,600036,13:46:07,39.1100,7,1
2026-03-24,600036,13:46:10,39.1000,42,2
2026-03-24,600036,13:46:13,39.1000,19,1
2026-03-24,600036,13:46:16,39.0900,93,2
2026-03-24,600036,13:46:19,39.0900,10,1
2026-03-24,600036,13:46:22,39.0900,16,1
2026-03-24,600036,13:46:25,39.1000,21,1
2026-03-24,600036,13:46:28,39.0900,50,2
2026-03-24,600036,13:46:31,39.1000,21,1
2026-03-24,600036,13:46:34,39.0900,135,2
2026-03-24,600036,13:46:37,39.0900,113,1
2026-03-24,600036,13:46:40,39.0900,51,1
2026-03-24,600036,13:46:43,39.0900,151,1
2026-03-24,600036,13:46:46,39.0800,559,2
2026-03-24,600036,13:46:49,39.0800,18,1
2026-03-24,600036,13:46:52,39.0800,10,1
2026-03-24,600036,13:46:55,39.0800,54,1
2026-03-24,600036,13:46:58,39.0700,29,2
2026-03-24,600036,13:47:01,39.0800,113,1
2026-03-24,600036,13:47:04,39.0900,308,1
2026-03-24,600036,13:47:07,39.0800,11,2
2026-03-24,600036,13:47:10,39.1000,53,1
2026-03-24,600036,13:47:13,39.0900,4,2
2026-03-24,600036,13:47:16,39.0900,55,2
2026-03-24,600036,13:47:19,39.1000,47,1
2026-03-24,600036,13:47:22,39.0900,13,2
2026-03-24,600036,13:47:25,39.1000,4,1
2026-03-24,600036,13:47:28,39.1000,33,1
2026-03-24,600036,13:47:31,39.1000,10,1
2026-03-24,600036,13:47:34,39.1000,8,1
2026-03-24,600036,13:47:37,39.1000,48,1
2026-03-24,600036,13:47:40,39.1000,23,1
2026-03-24,600036,13:47:43,39.1000,35,1
2026-03-24,600036,13:47:46,39.1000,37,1
2026-03-24,600036,13:47:49,39.1000,4,1
2026-03-24,600036,13:47:52,39.1000,9,1
2026-03-24,600036,13:47:58,39.1000,25,1
2026-03-24,600036,13:48:01,39.0900,23,2
2026-03-24,600036,13:48:04,39.0900,184,2
2026-03-24,600036,13:48:07,39.0900,14,1
2026-03-24,600036,13:48:10,39.0800,80,2
2026-03-24,600036,13:48:13,39.0900,26,1
2026-03-24,600036,13:48:16,39.0900,39,1
2026-03-24,600036,13:48:19,39.0900,10,1
2026-03-24,600036,13:48:22,39.0900,61,1
2026-03-24,600036,13:48:25,39.0900,4,1
2026-03-24,600036,13:48:28,39.0900,31,1
2026-03-24,600036,13:48:31,39.0900,21,1
2026-03-24,600036,13:48:37,39.0900,73,1
2026-03-24,600036,13:48:40,39.0900,13,1
2026-03-24,600036,13:48:43,39.0900,12,1
2026-03-24,600036,13:48:46,39.0900,14,1
2026-03-24,600036,13:48:52,39.0900,8,1
2026-03-24,600036,13:48:55,39.1000,122,1
2026-03-24,600036,13:48:58,39.0900,10,4
2026-03-24,600036,13:49:01,39.0800,38,2
2026-03-24,600036,13:49:04,39.0800,2,2
2026-03-24,600036,13:49:07,39.0800,36,2
2026-03-24,600036,13:49:10,39.0800,849,2
2026-03-24,600036,13:49:13,39.0800,46,1
2026-03-24,600036,13:49:16,39.0800,42,1
2026-03-24,600036,13:49:19,39.0800,13,1
2026-03-24,600036,13:49:22,39.0800,6,1
2026-03-24,600036,13:49:25,39.0800,22,1
2026-03-24,600036,13:49:28,39.0700,8,2
2026-03-24,600036,13:49:31,39.0800,58,1
2026-03-24,600036,13:49:34,39.0700,25,2
2026-03-24,600036,13:49:37,39.0800,57,1
2026-03-24,600036,13:49:40,39.0800,23,1
2026-03-24,600036,13:49:43,39.0800,78,1
2026-03-24,600036,13:49:46,39.0700,56,2
2026-03-24,600036,13:49:49,39.0700,2,2
2026-03-24,600036,13:49:52,39.0800,105,1
2026-03-24,600036,13:49:55,39.0700,39,2
2026-03-24,600036,13:49:58,39.0800,12,1
2026-03-24,600036,13:50:01,39.0800,28,1
2026-03-24,600036,13:50:04,39.0500,2554,2
2026-03-24,600036,13:50:07,39.0500,123,2
2026-03-24,600036,13:50:10,39.0500,253,2
2026-03-24,600036,13:50:13,39.0600,118,1
2026-03-24,600036,13:50:16,39.0500,44,2
2026-03-24,600036,13:50:19,39.0500,56,2
2026-03-24,600036,13:50:22,39.0600,26,1
2026-03-24,600036,13:50:25,39.0500,15,2
2026-03-24,600036,13:50:28,39.0500,8,2
2026-03-24,600036,13:50:31,39.0600,35,1
2026-03-24,600036,13:50:34,39.0500,7,2
2026-03-24,600036,13:50:37,39.0700,14,1
2026-03-24,600036,13:50:40,39.0700,19,1
2026-03-24,600036,13:50:43,39.0700,13,1
2026-03-24,600036,13:50:46,39.0700,24,1
2026-03-24,600036,13:50:49,39.0600,21,2
2026-03-24,600036,13:50:52,39.0600,86,2
2026-03-24,600036,13:50:55,39.0700,59,1
2026-03-24,600036,13:50:58,39.0600,39,2
2026-03-24,600036,13:51:01,39.0600,24,2
2026-03-24,600036,13:51:04,39.0700,52,1
2026-03-24,600036,13:51:07,39.0700,128,1
2026-03-24,600036,13:51:10,39.0800,76,1
2026-03-24,600036,13:51:13,39.0800,15,1
2026-03-24,600036,13:51:16,39.0700,11,2
2026-03-24,600036,13:51:19,39.0700,47,2
2026-03-24,600036,13:51:22,39.0600,33,2
2026-03-24,600036,13:51:25,39.0600,22,2
2026-03-24,600036,13:51:28,39.0600,7,2
2026-03-24,600036,13:51:31,39.0800,45,1
2026-03-24,600036,13:51:34,39.0800,31,1
2026-03-24,600036,13:51:37,39.0700,46,4
2026-03-24,600036,13:51:40,39.0700,4,1
2026-03-24,600036,13:51:43,39.0700,16,1
2026-03-24,600036,13:51:46,39.0700,6,1
2026-03-24,600036,13:51:49,39.0700,5,1
2026-03-24,600036,13:51:52,39.0800,57,1
2026-03-24,600036,13:51:55,39.0700,16,4
2026-03-24,600036,13:51:58,39.0800,51,1
2026-03-24,600036,13:52:01,39.0700,80,2
2026-03-24,600036,13:52:04,39.0800,35,1
2026-03-24,600036,13:52:07,39.0800,40,1
2026-03-24,600036,13:52:10,39.0800,32,1
2026-03-24,600036,13:52:13,39.0800,127,1
2026-03-24,600036,13:52:16,39.0800,28,2
2026-03-24,600036,13:52:19,39.0900,347,1
2026-03-24,600036,13:52:22,39.1000,161,1
2026-03-24,600036,13:52:25,39.1000,107,1
2026-03-24,600036,13:52:28,39.1100,55,1
2026-03-24,600036,13:52:31,39.1000,75,4
2026-03-24,600036,13:52:34,39.0900,1,2
2026-03-24,600036,13:52:37,39.1000,12,4
2026-03-24,600036,13:52:40,39.1000,4,1
2026-03-24,600036,13:52:43,39.1000,4,1
2026-03-24,600036,13:52:46,39.0900,132,2
2026-03-24,600036,13:52:49,39.0900,18,1
2026-03-24,600036,13:52:52,39.0900,3,1
2026-03-24,600036,13:52:55,39.0900,56,1
2026-03-24,600036,13:52:58,39.0900,28,2
2026-03-24,600036,13:53:01,39.0900,65,2
2026-03-24,600036,13:53:04,39.1000,38,1
2026-03-24,600036,13:53:07,39.1000,62,1
2026-03-24,600036,13:53:10,39.0900,16,4
2026-03-24,600036,13:53:13,39.0900,17,2
2026-03-24,600036,13:53:16,39.0900,22,2
2026-03-24,600036,13:53:19,39.0900,33,2
2026-03-24,600036,13:53:22,39.1000,16,1
2026-03-24,600036,13:53:25,39.1000,17,1
2026-03-24,600036,13:53:28,39.0900,7,2
2026-03-24,600036,13:53:31,39.1000,4,1
2026-03-24,600036,13:53:34,39.1000,11,1
2026-03-24,600036,13:53:37,39.1000,7,1
2026-03-24,600036,13:53:40,39.1000,13,1
2026-03-24,600036,13:53:43,39.1000,86,1
2026-03-24,600036,13:53:46,39.1000,47,1
2026-03-24,600036,13:53:49,39.1000,13,1
2026-03-24,600036,13:53:52,39.1000,19,1
2026-03-24,600036,13:53:55,39.1000,44,1
2026-03-24,600036,13:53:58,39.0900,199,2
2026-03-24,600036,13:54:01,39.0900,9,2
2026-03-24,600036,13:54:04,39.1000,134,1
2026-03-24,600036,13:54:07,39.1000,113,1
2026-03-24,600036,13:54:10,39.1000,34,1
2026-03-24,600036,13:54:13,39.1100,19,1
2026-03-24,600036,13:54:16,39.1100,42,1
2026-03-24,600036,13:54:19,39.1100,18,1
2026-03-24,600036,13:54:22,39.1000,15,2
2026-03-24,600036,13:54:25,39.1000,34,2
2026-03-24,600036,13:54:28,39.1100,10,1
2026-03-24,600036,13:54:31,39.1000,13,2
2026-03-24,600036,13:54:34,39.1100,45,1
2026-03-24,600036,13:54:37,39.1100,5,1
2026-03-24,600036,13:54:40,39.1100,4,1
2026-03-24,600036,13:54:43,39.1100,30,1
2026-03-24,600036,13:54:46,39.1000,18,2
2026-03-24,600036,13:54:49,39.1000,15,2
2026-03-24,600036,13:54:52,39.1100,10,1
2026-03-24,600036,13:54:55,39.1100,47,1
2026-03-24,600036,13:54:58,39.1000,1,2
2026-03-24,600036,13:55:01,39.1000,23,2
2026-03-24,600036,13:55:04,39.1000,132,2
2026-03-24,600036,13:55:07,39.1000,10,1
2026-03-24,600036,13:55:10,39.1000,13,1
2026-03-24,600036,13:55:13,39.1000,64,1
2026-03-24,600036,13:55:16,39.1000,9,2
2026-03-24,600036,13:55:19,39.1000,1,2
2026-03-24,600036,13:55:22,39.1000,24,2
2026-03-24,600036,13:55:25,39.1000,16,2
2026-03-24,600036,13:55:28,39.1000,12,2
2026-03-24,600036,13:55:31,39.1000,19,2
2026-03-24,600036,13:55:34,39.1000,496,2
2026-03-24,600036,13:55:37,39.1000,22,1
2026-03-24,600036,13:55:40,39.1000,38,1
2026-03-24,600036,13:55:43,39.1000,36,2
2026-03-24,600036,13:55:46,39.0900,19,2
2026-03-24,600036,13:55:49,39.1000,3,4
2026-03-24,600036,13:55:52,39.1000,2,1
2026-03-24,600036,13:55:55,39.1000,80,1
2026-03-24,600036,13:55:58,39.1000,28,2
2026-03-24,600036,13:56:01,39.0900,63,2
2026-03-24,600036,13:56:04,39.1000,33,1
2026-03-24,600036,13:56:07,39.1000,36,1
2026-03-24,600036,13:56:10,39.1100,32,1
2026-03-24,600036,13:56:13,39.1100,10,1
2026-03-24,600036,13:56:16,39.1100,54,1
2026-03-24,600036,13:56:19,39.1100,12,1
2026-03-24,600036,13:56:22,39.1100,8,1
2026-03-24,600036,13:56:25,39.1100,2,1
2026-03-24,600036,13:56:28,39.1100,10,1
2026-03-24,600036,13:56:31,39.1000,4,2
2026-03-24,600036,13:56:34,39.1000,22,2
2026-03-24,600036,13:56:37,39.1100,19,1
2026-03-24,600036,13:56:40,39.1000,9,2
2026-03-24,600036,13:56:43,39.1100,9,1
2026-03-24,600036,13:56:46,39.1100,5,1
2026-03-24,600036,13:56:49,39.1000,1,2
2026-03-24,600036,13:56:52,39.1100,11,1
2026-03-24,600036,13:56:55,39.1100,80,1
2026-03-24,600036,13:56:58,39.1100,131,1
2026-03-24,600036,13:57:01,39.1000,65,2
2026-03-24,600036,13:57:04,39.1100,18,1
2026-03-24,600036,13:57:07,39.1000,37,2
2026-03-24,600036,13:57:10,39.1000,1,2
2026-03-24,600036,13:57:13,39.1100,48,1
2026-03-24,600036,13:57:16,39.1100,114,1
2026-03-24,600036,13:57:19,39.1100,24,1
2026-03-24,600036,13:57:22,39.1100,9,1
2026-03-24,600036,13:57:25,39.1000,2,2
2026-03-24,600036,13:57:28,39.1000,20,2
2026-03-24,600036,13:57:31,39.1000,26,2
2026-03-24,600036,13:57:34,39.1100,211,1
2026-03-24,600036,13:57:37,39.1000,936,2
2026-03-24,600036,13:57:40,39.1000,54,1
2026-03-24,600036,13:57:43,39.1000,10,1
2026-03-24,600036,13:57:49,39.1000,48,1
2026-03-24,600036,13:57:52,39.1000,69,1
2026-03-24,600036,13:57:55,39.1000,74,1
2026-03-24,600036,13:57:58,39.0900,16,2
2026-03-24,600036,13:58:01,39.0900,295,2
2026-03-24,600036,13:58:04,39.0700,1814,2
2026-03-24,600036,13:58:07,39.0700,77,2
2026-03-24,600036,13:58:10,39.0700,21,2
2026-03-24,600036,13:58:16,39.0800,72,1
2026-03-24,600036,13:58:19,39.0800,4,1
2026-03-24,600036,13:58:22,39.0800,4,1
2026-03-24,600036,13:58:25,39.0800,8,1
2026-03-24,600036,13:58:28,39.0700,11,2
2026-03-24,600036,13:58:31,39.0700,6,2
2026-03-24,600036,13:58:34,39.0800,18,1
2026-03-24,600036,13:58:37,39.0800,186,1
2026-03-24,600036,13:58:40,39.0900,259,1
2026-03-24,600036,13:58:43,39.0900,10,1
2026-03-24,600036,13:58:46,39.0900,52,1
2026-03-24,600036,13:58:49,39.1000,8,1
2026-03-24,600036,13:58:52,39.1000,48,1
2026-03-24,600036,13:58:55,39.1000,6,1
2026-03-24,600036,13:58:58,39.1000,13,1
2026-03-24,600036,13:59:01,39.1000,47,1
2026-03-24,600036,13:59:04,39.0900,14,2
2026-03-24,600036,13:59:07,39.0800,870,2
2026-03-24,600036,13:59:10,39.0800,64,1
2026-03-24,600036,13:59:13,39.0800,33,1
2026-03-24,600036,13:59:16,39.0800,1,1
2026-03-24,600036,13:59:19,39.0700,30,2
2026-03-24,600036,13:59:22,39.1000,40,1
2026-03-24,600036,13:59:28,39.1000,9,1
2026-03-24,600036,13:59:31,39.1000,25,1
2026-03-24,600036,13:59:34,39.0900,18,2
2026-03-24,600036,13:59:37,39.0900,37,2
2026-03-24,600036,13:59:40,39.0900,6,2
2026-03-24,600036,13:59:43,39.0900,2,2
2026-03-24,600036,13:59:46,39.0800,27,2
2026-03-24,600036,13:59:49,39.0900,7,1
2026-03-24,600036,13:59:52,39.0900,17,1
2026-03-24,600036,13:59:55,39.0900,25,1
2026-03-24,600036,13:59:58,39.0800,47,2
2026-03-24,600036,14:00:01,39.0800,2,2
2026-03-24,600036,14:00:07,39.0900,18,1
2026-03-24,600036,14:00:10,39.0900,13,1
2026-03-24,600036,14:00:13,39.0700,1313,2
2026-03-24,600036,14:00:16,39.0700,3,2
2026-03-24,600036,14:00:19,39.0800,3,1
2026-03-24,600036,14:00:22,39.0700,3,2
2026-03-24,600036,14:00:25,39.0700,16,2
2026-03-24,600036,14:00:28,39.0700,28,1
2026-03-24,600036,14:00:31,39.0600,1,2
2026-03-24,600036,14:00:34,39.0700,45,1
2026-03-24,600036,14:00:37,39.0700,5,1
2026-03-24,600036,14:00:40,39.0700,23,1
2026-03-24,600036,14:00:43,39.0700,75,2
2026-03-24,600036,14:00:46,39.0700,36,1
2026-03-24,600036,14:00:49,39.0700,41,1
2026-03-24,600036,14:00:52,39.0800,271,1
2026-03-24,600036,14:00:55,39.0700,38,4
2026-03-24,600036,14:00:58,39.0800,33,1
2026-03-24,600036,14:01:01,39.0600,69,2
2026-03-24,600036,14:01:04,39.0700,19,2
2026-03-24,600036,14:01:07,39.0600,76,2
2026-03-24,600036,14:01:10,39.0700,401,1
2026-03-24,600036,14:01:13,39.0700,13,1
2026-03-24,600036,14:01:16,39.0500,1654,2
2026-03-24,600036,14:01:19,39.0500,7,1
2026-03-24,600036,14:01:22,39.0400,11,2
2026-03-24,600036,14:01:25,39.0400,27,2
2026-03-24,600036,14:01:28,39.0400,18,2
2026-03-24,600036,14:01:31,39.0500,19,1
2026-03-24,600036,14:01:34,39.0500,10,1
2026-03-24,600036,14:01:37,39.0500,8,1
2026-03-24,600036,14:01:40,39.0500,33,1
2026-03-24,600036,14:01:43,39.0500,18,1
2026-03-24,600036,14:01:46,39.0500,220,1
2026-03-24,600036,14:01:49,39.0500,6,2
2026-03-24,600036,14:01:52,39.0600,17,1
2026-03-24,600036,14:01:55,39.0600,37,1
2026-03-24,600036,14:01:58,39.0600,28,1
2026-03-24,600036,14:02:01,39.0500,35,2
2026-03-24,600036,14:02:04,39.0500,55,2
2026-03-24,600036,14:02:10,39.0600,29,2
2026-03-24,600036,14:02:13,39.0700,2,1
2026-03-24,600036,14:02:16,39.0700,52,1
2026-03-24,600036,14:02:19,39.0700,41,1
2026-03-24,600036,14:02:22,39.0700,5,2
2026-03-24,600036,14:02:25,39.0800,85,1
2026-03-24,600036,14:02:28,39.0800,67,1
2026-03-24,600036,14:02:31,39.1000,127,1
2026-03-24,600036,14:02:34,39.1000,49,1
2026-03-24,600036,14:02:37,39.1100,95,1
2026-03-24,600036,14:02:40,39.1100,112,1
2026-03-24,600036,14:02:43,39.0900,9,2
2026-03-24,600036,14:02:46,39.1100,78,1
2026-03-24,600036,14:02:49,39.1000,16,1
2026-03-24,600036,14:02:52,39.1000,9,1
2026-03-24,600036,14:02:55,39.0900,40,2
2026-03-24,600036,14:02:58,39.1100,22,1
2026-03-24,600036,14:03:01,39.0900,20,2
2026-03-24,600036,14:03:04,39.0900,219,2
2026-03-24,600036,14:03:07,39.0800,305,2
2026-03-24,600036,14:03:10,39.0700,12,2
2026-03-24,600036,14:03:13,39.0800,14,1
2026-03-24,600036,14:03:16,39.0800,20,1
2026-03-24,600036,14:03:19,39.0800,22,1
2026-03-24,600036,14:03:22,39.0700,2,2
2026-03-24,600036,14:03:25,39.0700,6,2
2026-03-24,600036,14:03:28,39.0800,7,1
2026-03-24,600036,14:03:31,39.0800,92,1
2026-03-24,600036,14:03:34,39.0900,55,1
2026-03-24,600036,14:03:37,39.1100,73,1
2026-03-24,600036,14:03:40,39.1100,35,1
2026-03-24,600036,14:03:43,39.1000,19,2
2026-03-24,600036,14:03:46,39.1000,22,2
2026-03-24,600036,14:03:49,39.1000,39,1
2026-03-24,600036,14:03:52,39.1000,24,1
2026-03-24,600036,14:03:55,39.0900,65,2
2026-03-24,600036,14:03:58,39.1000,53,1
2026-03-24,600036,14:04:01,39.1000,35,1
2026-03-24,600036,14:04:04,39.1000,16,1
2026-03-24,600036,14:04:07,39.1000,47,1
2026-03-24,600036,14:04:10,39.1000,12,1
2026-03-24,600036,14:04:13,39.1000,46,1
2026-03-24,600036,14:04:16,39.1000,27,1
2026-03-24,600036,14:04:19,39.1000,19,1
2026-03-24,600036,14:04:22,39.1000,15,1
2026-03-24,600036,14:04:25,39.1100,14,1
2026-03-24,600036,14:04:28,39.1100,5,1
2026-03-24,600036,14:04:31,39.1100,23,1
2026-03-24,600036,14:04:34,39.1100,2,1
2026-03-24,600036,14:04:37,39.1100,22,1
2026-03-24,600036,14:04:40,39.1100,24,1
2026-03-24,600036,14:04:43,39.1100,12,1
2026-03-24,600036,14:04:46,39.1000,23,2
2026-03-24,600036,14:04:49,39.1100,45,1
2026-03-24,600036,14:04:52,39.1100,15,1
2026-03-24,600036,14:04:55,39.1100,158,1
2026-03-24,600036,14:04:58,39.1100,70,1
2026-03-24,600036,14:05:01,39.1000,82,2
2026-03-24,600036,14:05:04,39.1200,8,1
2026-03-24,600036,14:05:07,39.1200,81,1
2026-03-24,600036,14:05:10,39.1200,75,1
2026-03-24,600036,14:05:13,39.1200,7,1
2026-03-24,600036,14:05:16,39.1200,32,1
2026-03-24,600036,14:05:19,39.1200,6,1
2026-03-24,600036,14:05:22,39.1300,33,1
2026-03-24,600036,14:05:25,39.1200,19,2
2026-03-24,600036,14:05:28,39.1300,34,1
2026-03-24,600036,14:05:31,39.1300,26,1
2026-03-24,600036,14:05:34,39.1300,46,1
2026-03-24,600036,14:05:37,39.1200,45,2
2026-03-24,600036,14:05:40,39.1400,43,1
2026-03-24,600036,14:05:43,39.1400,34,1
2026-03-24,600036,14:05:46,39.1300,13,2
2026-03-24,600036,14:05:49,39.1400,50,1
2026-03-24,600036,14:05:52,39.1400,13,1
2026-03-24,600036,14:05:55,39.1500,128,1
2026-03-24,600036,14:05:58,39.1500,9,1
2026-03-24,600036,14:06:01,39.1400,137,2
2026-03-24,600036,14:06:04,39.1300,34,2
2026-03-24,600036,14:06:07,39.1200,191,2
2026-03-24,600036,14:06:10,39.1300,23,1
2026-03-24,600036,14:06:13,39.1300,65,1
2026-03-24,600036,14:06:16,39.1200,66,2
2026-03-24,600036,14:06:19,39.1400,40,1
2026-03-24,600036,14:06:22,39.1300,18,1
2026-03-24,600036,14:06:25,39.1300,40,1
2026-03-24,600036,14:06:28,39.1200,7,2
2026-03-24,600036,10:54:40,39.1500,49,2
2026-03-24,600036,10:54:43,39.1800,11,1
2026-03-24,600036,10:54:46,39.1800,37,1
2026-03-24,600036,10:54:49,39.1800,22,2
2026-03-24,600036,10:54:52,39.1800,49,2
2026-03-24,600036,10:54:55,39.1800,22,2
2026-03-24,600036,10:54:58,39.1800,15,2
2026-03-24,600036,10:55:01,39.1700,11,2
2026-03-24,600036,10:55:04,39.1800,12,1
2026-03-24,600036,10:55:07,39.1800,2,1
2026-03-24,600036,10:55:10,39.1800,59,1
2026-03-24,600036,10:55:13,39.1700,160,2
2026-03-24,600036,10:55:16,39.1900,102,1
2026-03-24,600036,10:55:19,39.2100,78,1
2026-03-24,600036,10:55:22,39.2200,76,1
2026-03-24,600036,10:55:25,39.2200,28,1
2026-03-24,600036,10:55:28,39.2000,33,2
2026-03-24,600036,10:55:31,39.2100,129,1
2026-03-24,600036,10:55:34,39.2100,50,2
2026-03-24,600036,10:55:37,39.2200,14,1
2026-03-24,600036,10:55:40,39.2100,10,4
2026-03-24,600036,10:55:43,39.2100,38,1
2026-03-24,600036,10:55:46,39.2000,25,2
2026-03-24,600036,10:55:49,39.2100,24,1
2026-03-24,600036,10:55:52,39.2000,17,2
2026-03-24,600036,10:55:55,39.2100,7,1
2026-03-24,600036,10:55:58,39.2100,103,1
2026-03-24,600036,10:56:01,39.2000,117,2
2026-03-24,600036,10:56:04,39.1700,86,2
2026-03-24,600036,10:56:07,39.2000,31,1
2026-03-24,600036,10:56:16,39.1900,13,1
2026-03-24,600036,10:56:19,39.1800,28,2
2026-03-24,600036,10:56:22,39.1800,6,2
2026-03-24,600036,10:56:25,39.1800,4,2
2026-03-24,600036,10:56:28,39.1800,3,1
2026-03-24,600036,10:56:31,39.1800,45,1
2026-03-24,600036,10:56:34,39.1800,5,2
2026-03-24,600036,10:56:37,39.1800,23,2
2026-03-24,600036,10:56:40,39.1800,28,2
2026-03-24,600036,10:56:43,39.1800,30,1
2026-03-24,600036,10:56:46,39.1700,50,2
2026-03-24,600036,10:56:49,39.1800,43,1
2026-03-24,600036,10:56:52,39.1600,36,2
2026-03-24,600036,10:56:55,39.1700,6,2
2026-03-24,600036,10:56:58,39.1700,21,1
2026-03-24,600036,10:57:01,39.1700,515,1
2026-03-24,600036,10:57:04,39.1700,103,1
2026-03-24,600036,10:57:07,39.1700,205,2
2026-03-24,600036,10:57:10,39.1800,1,1
2026-03-24,600036,10:57:13,39.1700,6,2
2026-03-24,600036,10:57:16,39.1700,6,2
2026-03-24,600036,10:57:19,39.1700,34,2
2026-03-24,600036,10:57:22,39.1700,42,2
2026-03-24,600036,10:57:25,39.1800,92,1
2026-03-24,600036,10:57:28,39.1800,30,1
2026-03-24,600036,10:57:31,39.1800,68,1
2026-03-24,600036,10:57:34,39.1700,47,2
2026-03-24,600036,10:57:37,39.1700,39,2
2026-03-24,600036,10:57:40,39.1700,31,2
2026-03-24,600036,10:57:43,39.1700,48,1
2026-03-24,600036,10:57:46,39.1700,25,2
2026-03-24,600036,10:57:49,39.1700,16,2
2026-03-24,600036,10:57:52,39.1800,9,1
2026-03-24,600036,10:57:55,39.1800,8,1
2026-03-24,600036,10:57:58,39.1700,167,2
2026-03-24,600036,10:58:01,39.1900,17,1
2026-03-24,600036,10:58:04,39.1800,33,2
2026-03-24,600036,10:58:07,39.1800,4,2
2026-03-24,600036,10:58:10,39.1800,95,2
2026-03-24,600036,10:58:13,39.1800,53,1
2026-03-24,600036,10:58:16,39.1900,150,1
2026-03-24,600036,10:58:19,39.1900,24,1
2026-03-24,600036,10:58:22,39.1800,26,2
2026-03-24,600036,10:58:28,39.1800,13,2
2026-03-24,600036,10:58:31,39.1900,66,1
2026-03-24,600036,10:58:34,39.1900,12,2
2026-03-24,600036,10:58:37,39.1900,11,2
2026-03-24,600036,10:58:40,39.1900,16,2
2026-03-24,600036,10:58:43,39.1900,10,2
2026-03-24,600036,10:58:46,39.1900,52,2
2026-03-24,600036,10:58:49,39.2000,223,1
2026-03-24,600036,10:58:52,39.2000,21,1
2026-03-24,600036,10:58:55,39.2000,29,1
2026-03-24,600036,10:58:58,39.2000,6,2
2026-03-24,600036,10:59:01,39.2100,111,1
2026-03-24,600036,10:59:04,39.2200,561,1
2026-03-24,600036,10:59:07,39.2200,32,1
2026-03-24,600036,10:59:10,39.2400,52,1
2026-03-24,600036,10:59:13,39.2400,6,1
2026-03-24,600036,10:59:16,39.2400,39,1
2026-03-24,600036,10:59:19,39.2400,32,1
2026-03-24,600036,10:59:22,39.2200,55,2
2026-03-24,600036,10:59:25,39.2200,17,2
2026-03-24,600036,10:59:28,39.2300,9,1
2026-03-24,600036,10:59:31,39.2300,1,1
2026-03-24,600036,10:59:34,39.2200,4,2
2026-03-24,600036,10:59:37,39.2300,14,1
2026-03-24,600036,10:59:40,39.2300,36,1
2026-03-24,600036,10:59:43,39.2200,62,2
2026-03-24,600036,10:59:46,39.2300,15,4
2026-03-24,600036,10:59:49,39.2200,105,2
2026-03-24,600036,10:59:52,39.2200,9,1
2026-03-24,600036,10:59:55,39.2200,8,1
2026-03-24,600036,10:59:58,39.2200,891,1
2026-03-24,600036,11:00:01,39.2300,40,1
2026-03-24,600036,11:00:04,39.2300,15,2
2026-03-24,600036,11:00:07,39.2400,24,1
2026-03-24,600036,11:00:10,39.2400,4,1
2026-03-24,600036,11:00:13,39.2400,67,4
2026-03-24,600036,11:00:16,39.2400,19,1
2026-03-24,600036,11:00:19,39.2200,75,2
2026-03-24,600036,11:00:22,39.2300,271,1
2026-03-24,600036,11:00:25,39.2500,76,1
2026-03-24,600036,11:00:28,39.2400,15,4
2026-03-24,600036,11:00:31,39.2400,84,2
2026-03-24,600036,11:00:34,39.2400,14,1
2026-03-24,600036,11:00:37,39.2300,65,2
2026-03-24,600036,11:00:40,39.2300,24,2
2026-03-24,600036,11:00:43,39.2400,28,1
2026-03-24,600036,11:00:46,39.2300,18,2
2026-03-24,600036,11:00:49,39.2400,20,1
2026-03-24,600036,11:00:52,39.2300,13,2
2026-03-24,600036,11:00:55,39.2400,26,1
2026-03-24,600036,11:00:58,39.2400,28,2
2026-03-24,600036,11:01:01,39.2400,11,4
2026-03-24,600036,11:01:04,39.2500,19,1
2026-03-24,600036,11:01:07,39.2500,177,1
2026-03-24,600036,11:01:10,39.2500,36,1
2026-03-24,600036,11:01:13,39.2400,9,2
2026-03-24,600036,11:01:16,39.2400,25,2
2026-03-24,600036,11:01:19,39.2400,5,2
2026-03-24,600036,11:01:22,39.2500,69,1
2026-03-24,600036,11:01:25,39.2500,34,1
2026-03-24,600036,11:01:28,39.2500,31,1
2026-03-24,600036,11:01:31,39.2400,31,2
2026-03-24,600036,11:01:34,39.2400,8,4
2026-03-24,600036,11:01:37,39.2200,245,2
2026-03-24,600036,11:01:40,39.2300,4,1
2026-03-24,600036,11:01:43,39.2200,111,2
2026-03-24,600036,11:01:46,39.2200,70,2
2026-03-24,600036,11:01:49,39.2100,344,2
2026-03-24,600036,11:01:52,39.2000,64,2
2026-03-24,600036,11:01:55,39.2000,33,2
2026-03-24,600036,11:01:58,39.2100,40,1
2026-03-24,600036,11:02:01,39.2100,9,1
2026-03-24,600036,11:02:04,39.2000,14,2
2026-03-24,600036,11:02:07,39.2000,23,2
2026-03-24,600036,11:02:10,39.2000,184,2
2026-03-24,600036,11:02:13,39.1900,58,2
2026-03-24,600036,11:02:16,39.1900,116,2
2026-03-24,600036,11:02:19,39.1800,41,2
2026-03-24,600036,11:02:22,39.1800,80,2
2026-03-24,600036,11:02:25,39.1800,75,2
2026-03-24,600036,11:02:28,39.1900,14,1
2026-03-24,600036,11:02:31,39.1800,54,2
2026-03-24,600036,11:02:34,39.1800,375,2
2026-03-24,600036,11:02:37,39.1700,62,2
2026-03-24,600036,11:02:40,39.1600,162,2
2026-03-24,600036,11:02:43,39.1800,22,1
2026-03-24,600036,11:02:46,39.1800,54,1
2026-03-24,600036,11:02:49,39.1700,50,2
2026-03-24,600036,11:02:52,39.1800,64,1
2026-03-24,600036,11:02:55,39.1800,2,2
2026-03-24,600036,11:02:58,39.1900,1,1
2026-03-24,600036,11:03:01,39.1900,36,1
2026-03-24,600036,11:03:04,39.1900,19,1
2026-03-24,600036,11:03:07,39.1900,32,1
2026-03-24,600036,11:03:10,39.1800,25,2
2026-03-24,600036,11:03:13,39.1900,44,1
2026-03-24,600036,11:03:16,39.2000,292,1
2026-03-24,600036,11:03:19,39.2000,49,1
2026-03-24,600036,11:03:22,39.1800,58,2
2026-03-24,600036,11:03:25,39.2000,6,1
2026-03-24,600036,11:03:28,39.1800,35,2
2026-03-24,600036,11:03:31,39.1800,1,2
2026-03-24,600036,11:03:34,39.1900,18,1
2026-03-24,600036,11:03:37,39.1800,9,2
2026-03-24,600036,11:03:40,39.1900,12,1
2026-03-24,600036,11:03:43,39.1900,62,2
2026-03-24,600036,11:03:55,39.1900,3,2
2026-03-24,600036,11:03:58,39.2000,22,1
2026-03-24,600036,11:04:01,39.2000,47,1
2026-03-24,600036,11:04:04,39.2000,88,1
2026-03-24,600036,11:04:07,39.2100,3,1
2026-03-24,600036,11:04:10,39.2000,43,2
2026-03-24,600036,11:04:13,39.2100,8,1
2026-03-24,600036,11:04:16,39.2100,22,1
2026-03-24,600036,11:04:19,39.2100,71,1
2026-03-24,600036,11:04:22,39.2100,28,2
2026-03-24,600036,11:04:28,39.2000,1,2
2026-03-24,600036,11:04:31,39.2200,15,1
2026-03-24,600036,11:04:34,39.2000,7,2
2026-03-24,600036,11:04:37,39.2100,25,1
2026-03-24,600036,11:04:40,39.2100,17,1
2026-03-24,600036,11:04:43,39.2100,9,1
2026-03-24,600036,11:04:46,39.2100,21,1
2026-03-24,600036,11:04:49,39.2100,16,1
2026-03-24,600036,11:04:55,39.2100,9,1
2026-03-24,600036,11:04:58,39.2000,371,2
2026-03-24,600036,11:05:01,39.1900,129,2
2026-03-24,600036,11:05:04,39.2000,35,1
2026-03-24,600036,11:05:07,39.1900,25,2
2026-03-24,600036,11:05:10,39.1900,31,2
2026-03-24,600036,11:05:13,39.2000,12,1
2026-03-24,600036,11:05:16,39.2000,29,1
2026-03-24,600036,11:05:19,39.2000,35,1
2026-03-24,600036,11:05:22,39.2100,28,1
2026-03-24,600036,11:05:25,39.2000,5,2
2026-03-24,600036,11:05:28,39.2000,2,2
2026-03-24,600036,11:05:31,39.2100,117,1
2026-03-24,600036,11:05:34,39.2000,13,2
2026-03-24,600036,11:05:37,39.2100,6,1
2026-03-24,600036,11:05:40,39.2000,32,2
2026-03-24,600036,11:05:43,39.2000,45,2
2026-03-24,600036,11:05:46,39.2100,13,1
2026-03-24,600036,11:05:49,39.2100,30,1
2026-03-24,600036,11:05:52,39.2100,91,1
2026-03-24,600036,11:05:55,39.2200,190,1
2026-03-24,600036,11:05:58,39.2100,13,1
2026-03-24,600036,11:06:01,39.2000,119,2
2026-03-24,600036,11:06:04,39.2000,22,1
2026-03-24,600036,11:06:07,39.2000,30,1
2026-03-24,600036,11:06:10,39.2000,38,1
2026-03-24,600036,11:06:13,39.2000,22,1
2026-03-24,600036,11:06:16,39.2000,31,1
2026-03-24,600036,11:06:19,39.2000,68,2
2026-03-24,600036,11:06:22,39.2100,25,1
2026-03-24,600036,11:06:25,39.2000,14,2
2026-03-24,600036,11:06:28,39.2000,8,2
2026-03-24,600036,11:06:31,39.2000,18,2
2026-03-24,600036,11:06:34,39.2000,5,2
2026-03-24,600036,11:06:37,39.2000,29,2
2026-03-24,600036,11:06:40,39.2100,45,1
2026-03-24,600036,11:06:43,39.2100,609,1
2026-03-24,600036,11:06:46,39.2000,68,4
2026-03-24,600036,11:06:49,39.2000,138,2
2026-03-24,600036,11:06:52,39.2000,4,1
2026-03-24,600036,11:06:55,39.1900,561,2
2026-03-24,600036,11:06:58,39.2100,58,1
2026-03-24,600036,11:07:01,39.2000,86,2
2026-03-24,600036,11:07:04,39.2000,32,2
2026-03-24,600036,11:07:07,39.2000,52,2
2026-03-24,600036,11:07:10,39.2000,69,2
2026-03-24,600036,11:07:13,39.2000,43,2
2026-03-24,600036,11:07:16,39.2000,7,2
2026-03-24,600036,11:07:19,39.1900,117,2
2026-03-24,600036,11:07:22,39.2000,14,1
2026-03-24,600036,11:07:25,39.2000,41,1
2026-03-24,600036,11:07:28,39.1900,8,2
2026-03-24,600036,11:07:31,39.2000,55,1
2026-03-24,600036,11:07:34,39.2100,10,1
2026-03-24,600036,11:07:37,39.2100,18,1
2026-03-24,600036,11:07:40,39.2100,8,1
2026-03-24,600036,11:07:43,39.2000,5,2
2026-03-24,600036,11:07:46,39.2000,9,2
2026-03-24,600036,11:07:49,39.2100,318,1
2026-03-24,600036,11:07:52,39.2100,71,2
2026-03-24,600036,11:07:55,39.2200,6,1
2026-03-24,600036,11:07:58,39.2100,18,2
2026-03-24,600036,11:08:01,39.2100,1,2
2026-03-24,600036,11:08:04,39.2200,10,1
2026-03-24,600036,11:08:07,39.2200,83,1
2026-03-24,600036,11:08:10,39.2200,197,1
2026-03-24,600036,11:08:13,39.2200,121,1
2026-03-24,600036,11:08:16,39.2200,107,1
2026-03-24,600036,11:08:19,39.2100,102,2
2026-03-24,600036,11:08:22,39.2000,70,2
2026-03-24,600036,11:08:25,39.2100,9,1
2026-03-24,600036,11:08:28,39.2100,86,1
2026-03-24,600036,11:08:31,39.2000,16,2
2026-03-24,600036,11:08:34,39.2100,184,1
2026-03-24,600036,11:08:37,39.2100,17,2
2026-03-24,600036,11:08:40,39.2100,147,2
2026-03-24,600036,11:08:43,39.2000,988,2
2026-03-24,600036,11:08:46,39.2000,203,2
2026-03-24,600036,11:08:49,39.2000,11,2
2026-03-24,600036,11:08:52,39.2000,131,2
2026-03-24,600036,11:08:55,39.2100,28,1
2026-03-24,600036,11:08:58,39.2100,44,1
2026-03-24,600036,11:09:01,39.2100,73,1
2026-03-24,600036,11:09:04,39.2100,12,1
2026-03-24,600036,11:09:07,39.2100,81,1
2026-03-24,600036,11:09:10,39.2100,19,2
2026-03-24,600036,11:09:13,39.2200,83,1
2026-03-24,600036,11:09:16,39.2000,32,2
2026-03-24,600036,11:09:19,39.2100,43,1
2026-03-24,600036,11:09:22,39.2100,22,1
2026-03-24,600036,11:09:25,39.2000,24,2
2026-03-24,600036,11:09:28,39.2100,28,1
2026-03-24,600036,11:09:31,39.2000,15,2
2026-03-24,600036,11:09:34,39.2100,53,1
2026-03-24,600036,11:09:37,39.2000,60,2
2026-03-24,600036,11:09:40,39.2100,47,1
2026-03-24,600036,11:09:43,39.2000,20,2
2026-03-24,600036,11:09:46,39.2000,30,2
2026-03-24,600036,11:09:49,39.2000,117,2
2026-03-24,600036,11:09:52,39.2100,333,1
2026-03-24,600036,11:09:55,39.2100,84,2
2026-03-24,600036,11:09:58,39.2100,38,2
2026-03-24,600036,11:10:01,39.2100,29,1
2026-03-24,600036,11:10:04,39.2000,54,2
2026-03-24,600036,11:10:07,39.2100,26,1
2026-03-24,600036,11:10:10,39.2200,169,1
2026-03-24,600036,11:10:13,39.2200,64,1
2026-03-24,600036,11:10:16,39.2200,33,1
2026-03-24,600036,11:10:19,39.2200,225,1
2026-03-24,600036,11:10:22,39.2300,30,1
2026-03-24,600036,11:10:25,39.2200,11,2
2026-03-24,600036,11:10:28,39.2300,36,1
2026-03-24,600036,11:10:31,39.2300,19,1
2026-03-24,600036,11:10:34,39.2300,185,1
2026-03-24,600036,11:10:37,39.2400,56,1
2026-03-24,600036,11:10:40,39.2300,40,2
2026-03-24,600036,11:10:43,39.2300,23,2
2026-03-24,600036,11:10:46,39.2300,3,2
2026-03-24,600036,11:10:49,39.2300,20,2
2026-03-24,600036,11:10:55,39.2400,15,1
2026-03-24,600036,11:10:58,39.2400,33,1
2026-03-24,600036,11:11:01,39.2300,50,2
2026-03-24,600036,11:11:04,39.2300,32,2
2026-03-24,600036,11:11:07,39.2300,70,2
2026-03-24,600036,11:11:10,39.2400,10,1
2026-03-24,600036,11:11:13,39.2200,32,2
2026-03-24,600036,11:11:16,39.2300,5,1
2026-03-24,600036,11:11:19,39.2200,15,2
2026-03-24,600036,11:11:22,39.2200,8,2
2026-03-24,600036,11:11:25,39.2300,17,1
2026-03-24,600036,11:11:28,39.2300,30,1
2026-03-24,600036,11:11:31,39.2300,24,1
2026-03-24,600036,11:11:34,39.2200,13,2
2026-03-24,600036,11:11:37,39.2200,15,2
2026-03-24,600036,11:11:40,39.2300,22,1
2026-03-24,600036,11:11:43,39.2200,76,2
2026-03-24,600036,11:11:46,39.2300,83,1
2026-03-24,600036,11:11:49,39.2300,34,1
2026-03-24,600036,11:11:52,39.2300,41,1
2026-03-24,600036,11:11:55,39.2300,55,1
2026-03-24,600036,11:11:58,39.2300,5,1
2026-03-24,600036,11:12:01,39.2300,122,1
2026-03-24,600036,11:12:04,39.2300,50,1
2026-03-24,600036,11:12:07,39.2200,454,2
2026-03-24,600036,11:12:10,39.2100,218,2
2026-03-24,600036,11:12:13,39.2100,648,2
2026-03-24,600036,11:12:16,39.2100,211,2
2026-03-24,600036,11:12:19,39.2200,92,1
2026-03-24,600036,11:12:22,39.2200,18,1
2026-03-24,600036,11:12:25,39.2200,66,1
2026-03-24,600036,11:12:28,39.2100,64,2
2026-03-24,600036,11:12:31,39.2100,60,2
2026-03-24,600036,11:12:34,39.2100,9,2
2026-03-24,600036,11:12:37,39.2100,33,2
2026-03-24,600036,11:12:40,39.2100,1,2
2026-03-24,600036,11:12:43,39.2100,37,2
2026-03-24,600036,11:12:46,39.2100,18,2
2026-03-24,600036,11:12:49,39.2100,21,2
2026-03-24,600036,11:12:52,39.2100,52,2
2026-03-24,600036,11:12:55,39.2100,7,2
2026-03-24,600036,11:12:58,39.2100,51,2
2026-03-24,600036,11:13:01,39.2100,58,2
2026-03-24,600036,11:13:04,39.2100,37,2
2026-03-24,600036,11:13:07,39.2100,196,2
2026-03-24,600036,11:13:10,39.2200,18,1
2026-03-24,600036,11:13:13,39.2100,53,2
2026-03-24,600036,11:13:16,39.2100,71,2
2026-03-24,600036,11:13:19,39.2100,171,1
2026-03-24,600036,11:13:22,39.2000,39,2
2026-03-24,600036,11:13:25,39.2100,41,1
2026-03-24,600036,11:13:28,39.2100,12,1
2026-03-24,600036,11:13:31,39.2000,35,2
2026-03-24,600036,11:13:34,39.2000,9,2
2026-03-24,600036,11:13:37,39.2000,23,2
2026-03-24,600036,11:13:40,39.2100,25,1
2026-03-24,600036,11:13:43,39.2100,72,1
2026-03-24,600036,11:13:46,39.2100,13,1
2026-03-24,600036,11:13:49,39.2100,94,1
2026-03-24,600036,11:13:52,39.2100,46,1
2026-03-24,600036,11:13:55,39.2000,43,2
2026-03-24,600036,11:13:58,39.2000,288,2
2026-03-24,600036,11:14:01,39.2000,54,1
2026-03-24,600036,11:14:04,39.1900,68,2
2026-03-24,600036,11:14:07,39.2000,20,1
2026-03-24,600036,11:14:10,39.2000,33,1
2026-03-24,600036,11:14:13,39.2000,189,1
2026-03-24,600036,11:14:16,39.2000,112,2
2026-03-24,600036,11:14:19,39.2000,5,2
2026-03-24,600036,11:14:22,39.2100,198,1
2026-03-24,600036,11:14:25,39.2000,120,2
2026-03-24,600036,11:14:28,39.2100,72,1
2026-03-24,600036,11:14:31,39.2000,72,2
2026-03-24,600036,11:14:34,39.2000,55,2
2026-03-24,600036,11:14:37,39.2000,11,2
2026-03-24,600036,11:14:40,39.2100,319,1
2026-03-24,600036,11:14:43,39.1700,833,2
2026-03-24,600036,11:14:46,39.1600,122,2
2026-03-24,600036,11:14:49,39.1700,12,1
2026-03-24,600036,11:14:52,39.1700,46,1
2026-03-24,600036,11:14:55,39.1700,122,1
2026-03-24,600036,11:14:58,39.1800,97,1
2026-03-24,600036,11:15:01,39.1700,105,4
2026-03-24,600036,11:15:04,39.1700,37,1
2026-03-24,600036,11:15:07,39.1700,16,1
2026-03-24,600036,11:15:10,39.1700,8,1
2026-03-24,600036,11:15:13,39.1700,75,1
2026-03-24,600036,11:15:16,39.1600,78,2
2026-03-24,600036,11:15:19,39.1500,132,2
2026-03-24,600036,11:15:22,39.1600,44,4
2026-03-24,600036,11:15:25,39.1600,15,2
2026-03-24,600036,11:15:28,39.1600,39,2
2026-03-24,600036,11:15:31,39.1800,12,1
2026-03-24,600036,11:15:34,39.1600,5,2
2026-03-24,600036,11:15:37,39.1600,30,2
2026-03-24,600036,11:15:40,39.1700,32,1
2026-03-24,600036,11:15:43,39.1600,15,2
2026-03-24,600036,11:15:46,39.1600,140,2
2026-03-24,600036,11:15:49,39.1600,65,2
2026-03-24,600036,11:15:52,39.1600,110,1
2026-03-24,600036,11:15:55,39.1600,186,1
2026-03-24,600036,11:15:58,39.1500,104,2
2026-03-24,600036,11:16:01,39.1700,210,1
2026-03-24,600036,11:16:04,39.1700,118,1
2026-03-24,600036,11:16:07,39.1600,66,2
2026-03-24,600036,11:16:10,39.1600,30,2
2026-03-24,600036,11:16:13,39.1600,35,2
2026-03-24,600036,11:16:16,39.1800,263,1
2026-03-24,600036,11:16:19,39.1700,507,4
2026-03-24,600036,11:16:22,39.1800,225,1
2026-03-24,600036,11:16:25,39.1800,22,1
2026-03-24,600036,11:16:28,39.1800,119,1
2026-03-24,600036,11:16:31,39.1800,22,4
2026-03-24,600036,11:16:34,39.1800,22,1
2026-03-24,600036,11:16:37,39.1700,44,2
2026-03-24,600036,11:16:40,39.1800,4,1
2026-03-24,600036,11:16:43,39.1800,40,1
2026-03-24,600036,11:16:46,39.1800,8,1
2026-03-24,600036,11:16:49,39.1700,214,2
2026-03-24,600036,11:16:52,39.1700,66,2
2026-03-24,600036,11:16:55,39.1700,43,2
2026-03-24,600036,11:16:58,39.1700,508,2
2026-03-24,600036,11:17:01,39.1800,122,1
2026-03-24,600036,11:17:04,39.1700,108,2
2026-03-24,600036,11:17:07,39.1700,1,2
2026-03-24,600036,11:17:10,39.1800,49,1
2026-03-24,600036,11:17:13,39.1800,47,1
2026-03-24,600036,11:17:16,39.1800,45,1
2026-03-24,600036,11:17:19,39.1800,24,1
2026-03-24,600036,11:17:22,39.1800,21,1
2026-03-24,600036,11:17:25,39.1700,120,2
2026-03-24,600036,11:17:28,39.1800,28,1
2026-03-24,600036,11:17:31,39.1800,26,1
2026-03-24,600036,11:17:34,39.1700,743,2
2026-03-24,600036,11:17:37,39.1800,7,1
2026-03-24,600036,11:17:40,39.1900,408,1
2026-03-24,600036,11:17:43,39.1800,15,4
2026-03-24,600036,11:17:46,39.1700,49,1
2026-03-24,600036,11:17:49,39.1600,28,2
2026-03-24,600036,11:17:52,39.1600,101,2
2026-03-24,600036,11:17:55,39.1500,47,2
2026-03-24,600036,11:17:58,39.1500,9,2
2026-03-24,600036,11:18:01,39.1600,108,1
2026-03-24,600036,11:18:04,39.1500,49,2
2026-03-24,600036,11:18:07,39.1700,332,1
2026-03-24,600036,11:18:10,39.1500,121,2
2026-03-24,600036,11:18:13,39.1500,45,2
2026-03-24,600036,11:18:16,39.1500,163,2
2026-03-24,600036,11:18:19,39.1600,132,1
2026-03-24,600036,11:18:22,39.1600,56,2
2026-03-24,600036,11:18:25,39.1600,8,2
2026-03-24,600036,11:18:28,39.1600,71,2
2026-03-24,600036,11:18:31,39.1700,8,1
2026-03-24,600036,11:18:34,39.1600,8,2
2026-03-24,600036,11:18:37,39.1600,57,2
2026-03-24,600036,11:18:40,39.1600,198,2
2026-03-24,600036,11:18:43,39.1800,28,1
2026-03-24,600036,11:18:46,39.1700,116,1
2026-03-24,600036,11:18:49,39.1700,14,1
2026-03-24,600036,11:18:52,39.1800,7,1
2026-03-24,600036,11:18:55,39.1900,59,1
2026-03-24,600036,11:18:58,39.1700,4,2
2026-03-24,600036,11:19:01,39.1800,60,1
2026-03-24,600036,11:19:04,39.1800,146,1
2026-03-24,600036,11:19:07,39.1800,230,1
2026-03-24,600036,11:19:10,39.1800,22,1
2026-03-24,600036,11:19:13,39.1800,27,1
2026-03-24,600036,11:19:16,39.1800,53,2
2026-03-24,600036,11:19:22,39.1800,41,2
2026-03-24,600036,11:19:25,39.1800,6,1
2026-03-24,600036,11:19:28,39.1800,4,1
2026-03-24,600036,11:19:31,39.1800,9,1
2026-03-24,600036,11:19:34,39.1800,2,1
2026-03-24,600036,11:19:37,39.1800,60,1
2026-03-24,600036,11:19:40,39.1800,11,1
2026-03-24,600036,11:19:43,39.1800,20,1
2026-03-24,600036,11:19:49,39.1800,15,1
