date,code,time,price,volume,bs
2026-01-28,601012,14:07:07,18.8900,302,2
2026-01-28,601012,14:07:10,18.8900,182,2
2026-01-28,601012,14:07:13,18.9000,95,1
2026-01-28,601012,14:07:16,18.9000,89,1
2026-01-28,601012,14:07:19,18.8900,148,2
2026-01-28,601012,14:07:22,18.9000,296,1
2026-01-28,601012,14:07:25,18.8900,402,2
2026-01-28,601012,14:07:28,18.8900,123,2
2026-01-28,601012,14:07:31,18.9000,518,1
2026-01-28,601012,14:07:34,18.9000,140,1
2026-01-28,601012,14:07:37,18.8900,169,2
2026-01-28,601012,14:07:40,18.9000,93,1
2026-01-28,601012,14:07:43,18.9000,134,1
2026-01-28,601012,14:07:46,18.9000,1097,1
2026-01-28,601012,14:07:49,18.9000,353,2
2026-01-28,601012,14:07:52,18.9100,183,1
2026-01-28,601012,14:07:55,18.9000,47,2
2026-01-28,601012,14:07:58,18.9100,10,1
2026-01-28,601012,14:08:01,18.9000,48,2
2026-01-28,601012,14:08:04,18.9100,201,1
2026-01-28,601012,14:08:07,18.9000,106,2
2026-01-28,601012,14:08:10,18.9100,83,1
2026-01-28,601012,14:08:13,18.9000,83,2
2026-01-28,601012,14:08:16,18.9000,103,2
2026-01-28,601012,14:08:19,18.9100,200,1
2026-01-28,601012,14:08:22,18.9100,135,2
2026-01-28,601012,14:08:25,18.9000,32,2
2026-01-28,601012,14:08:28,18.9000,416,2
2026-01-28,601012,14:08:31,18.9000,225,1
2026-01-28,601012,14:08:34,18.9000,80,1
2026-01-28,601012,14:08:37,18.8900,194,2
2026-01-28,601012,14:08:40,18.9100,453,1
2026-01-28,601012,14:08:43,18.9100,1423,1
2026-01-28,601012,14:08:46,18.9000,767,1
2026-01-28,601012,14:08:49,18.9000,225,1
2026-01-28,601012,14:08:52,18.9000,373,1
2026-01-28,601012,14:08:55,18.9100,90,1
2026-01-28,601012,14:08:58,18.9000,185,2
2026-01-28,601012,14:09:01,18.9000,46,2
2026-01-28,601012,14:09:04,18.9100,48,1
2026-01-28,601012,14:09:07,18.9100,476,1
2026-01-28,601012,14:09:10,18.9000,115,2
2026-01-28,601012,14:09:13,18.9000,502,2
2026-01-28,601012,14:09:16,18.9000,136,1
2026-01-28,601012,14:09:19,18.9000,119,1
2026-01-28,601012,14:09:22,18.9000,119,1
2026-01-28,601012,14:09:25,18.9000,47,2
2026-01-28,601012,14:09:28,18.9100,129,1
2026-01-28,601012,14:09:31,18.9000,257,2
2026-01-28,601012,14:09:34,18.9100,98,1
2026-01-28,601012,14:09:37,18.9000,87,2
2026-01-28,601012,14:09:40,18.9100,63,1
2026-01-28,601012,14:09:43,18.9000,147,2
2026-01-28,601012,14:09:46,18.9100,174,1
2026-01-28,601012,14:09:49,18.9000,197,2
2026-01-28,601012,14:09:52,18.9000,269,1
2026-01-28,601012,14:09:55,18.9000,82,2
2026-01-28,601012,14:09:58,18.8900,260,2
2026-01-28,601012,14:10:01,18.9100,101,1
2026-01-28,601012,14:10:04,18.9100,1131,1
2026-01-28,601012,14:10:07,18.9100,615,2
2026-01-28,601012,14:10:10,18.9000,39,4
2026-01-28,601012,14:10:13,18.9000,73,2
2026-01-28,601012,14:10:16,18.9100,96,1
2026-01-28,601012,14:10:19,18.9100,49,1
2026-01-28,601012,14:10:22,18.9100,168,1
2026-01-28,601012,14:10:25,18.9100,68,1
2026-01-28,601012,14:10:28,18.9100,12,1
2026-01-28,601012,14:10:31,18.9100,26,1
2026-01-28,601012,14:10:34,18.9100,102,1
2026-01-28,601012,14:10:37,18.9000,86,2
2026-01-28,601012,14:10:40,18.9000,70,2
2026-01-28,601012,14:10:43,18.9100,123,1
2026-01-28,601012,14:10:46,18.9100,64,1
2026-01-28,601012,14:10:49,18.9100,301,1
2026-01-28,601012,14:10:52,18.9100,640,1
2026-01-28,601012,14:10:55,18.9100,65,2
2026-01-28,601012,14:10:58,18.9100,126,2
2026-01-28,601012,14:11:01,18.9100,243,2
2026-01-28,601012,14:11:04,18.9200,53,1
2026-01-28,601012,14:11:07,18.9100,130,2
2026-01-28,601012,14:11:10,18.9100,129,2
2026-01-28,601012,14:11:13,18.9200,208,1
2026-01-28,601012,14:11:16,18.9100,92,2
2026-01-28,601012,14:11:19,18.9100,285,2
2026-01-28,601012,14:11:22,18.9200,149,1
2026-01-28,601012,14:11:25,18.9100,42,2
2026-01-28,601012,14:11:28,18.9100,92,2
2026-01-28,601012,14:11:31,18.9200,66,1
2026-01-28,601012,14:11:34,18.9200,16,1
2026-01-28,601012,14:11:37,18.9100,31,2
2026-01-28,601012,14:11:40,18.9100,96,2
2026-01-28,601012,14:11:43,18.9100,84,2
2026-01-28,601012,14:11:46,18.9100,168,2
2026-01-28,601012,14:11:49,18.9200,36,1
2026-01-28,601012,14:11:52,18.9100,369,2
2026-01-28,601012,14:11:55,18.9100,141,1
2026-01-28,601012,14:11:58,18.9100,111,1
2026-01-28,601012,14:12:01,18.9100,58,1
2026-01-28,601012,14:12:04,18.9100,127,1
2026-01-28,601012,14:12:07,18.9200,20,1
2026-01-28,601012,14:12:10,18.9200,92,1
2026-01-28,601012,14:12:13,18.9200,211,1
2026-01-28,601012,14:12:16,18.9200,107,1
2026-01-28,601012,14:12:19,18.9100,404,2
2026-01-28,601012,14:12:22,18.9100,319,2
2026-01-28,601012,14:12:25,18.9100,563,2
2026-01-28,601012,14:12:28,18.9100,77,1
2026-01-28,601012,14:12:31,18.9100,54,2
2026-01-28,601012,14:12:34,18.9200,46,1
2026-01-28,601012,14:12:37,18.9200,38,1
2026-01-28,601012,14:12:40,18.9200,71,1
2026-01-28,601012,14:12:43,18.9100,48,2
2026-01-28,601012,14:12:46,18.9100,11,2
2026-01-28,601012,14:12:49,18.9100,52,2
2026-01-28,601012,14:12:52,18.9200,108,1
2026-01-28,601012,14:12:55,18.9100,186,2
2026-01-28,601012,14:12:58,18.9200,216,1
2026-01-28,601012,14:13:01,18.9200,288,1
2026-01-28,601012,14:13:04,18.9100,517,2
2026-01-28,601012,14:13:07,18.9200,175,1
2026-01-28,601012,14:13:10,18.9200,23,1
2026-01-28,601012,14:13:13,18.9200,52,1
2026-01-28,601012,14:13:16,18.9100,269,2
2026-01-28,601012,14:13:19,18.9100,218,2
2026-01-28,601012,14:13:22,18.9100,113,1
2026-01-28,601012,14:13:25,18.9100,90,1
2026-01-28,601012,14:13:28,18.9100,60,1
2026-01-28,601012,14:13:31,18.9200,350,1
2026-01-28,601012,14:13:34,18.9000,405,2
2026-01-28,601012,14:13:37,18.9100,423,1
2026-01-28,601012,14:13:40,18.9100,418,1
2026-01-28,601012,14:13:43,18.9100,115,2
2026-01-28,601012,14:13:46,18.9000,320,2
2026-01-28,601012,14:13:49,18.9100,153,1
2026-01-28,601012,14:13:52,18.9100,92,2
2026-01-28,601012,14:13:55,18.9100,153,2
2026-01-28,601012,14:13:58,18.9100,50,1
2026-01-28,601012,14:14:01,18.9000,94,2
2026-01-28,601012,14:14:04,18.9100,131,1
2026-01-28,601012,14:14:07,18.9100,111,1
2026-01-28,601012,14:14:10,18.9100,313,1
2026-01-28,601012,14:14:13,18.9100,125,2
2026-01-28,601012,14:14:16,18.9100,75,2
2026-01-28,601012,14:14:19,18.9200,60,1
2026-01-28,601012,14:14:22,18.9100,71,2
2026-01-28,601012,14:14:25,18.9200,126,1
2026-01-28,601012,14:14:28,18.9100,196,2
2026-01-28,601012,14:14:31,18.9100,214,2
2026-01-28,601012,14:14:34,18.9200,224,1
2026-01-28,601012,14:14:37,18.9200,58,1
2026-01-28,601012,14:14:40,18.9100,131,2
2026-01-28,601012,14:14:43,18.9100,36,2
2026-01-28,601012,14:14:46,18.9100,59,2
2026-01-28,601012,14:14:49,18.9100,30,2
2026-01-28,601012,14:14:52,18.9100,45,2
2026-01-28,601012,14:14:55,18.9100,136,2
2026-01-28,601012,14:14:58,18.9100,138,2
2026-01-28,601012,14:15:01,18.9100,230,2
2026-01-28,601012,14:15:04,18.9100,347,2
2026-01-28,601012,14:15:07,18.9100,244,2
2026-01-28,601012,14:15:10,18.9100,63,1
2026-01-28,601012,14:15:13,18.9100,241,1
2026-01-28,601012,14:15:16,18.9100,323,1
2026-01-28,601012,14:15:19,18.9100,994,2
2026-01-28,601012,14:15:22,18.9100,850,2
2026-01-28,601012,14:15:25,18.9000,678,2
2026-01-28,601012,14:15:28,18.9000,872,2
2026-01-28,601012,14:15:31,18.8900,742,2
2026-01-28,601012,14:15:34,18.9000,214,1
2026-01-28,601012,14:15:37,18.8900,466,2
2026-01-28,601012,14:15:40,18.9000,50,1
2026-01-28,601012,14:15:43,18.9000,329,1
2026-01-28,601012,14:15:46,18.9000,36,1
2026-01-28,601012,14:15:49,18.9000,126,1
2026-01-28,601012,14:15:52,18.9000,44,1
2026-01-28,601012,14:15:55,18.8900,153,2
2026-01-28,601012,14:15:58,18.8900,531,2
2026-01-28,601012,14:16:01,18.9000,492,1
2026-01-28,601012,14:16:04,18.9000,65,1
2026-01-28,601012,14:16:07,18.8900,46,2
2026-01-28,601012,14:16:10,18.9000,30,1
2026-01-28,601012,14:16:13,18.9000,74,1
2026-01-28,601012,14:16:16,18.8900,1803,2
2026-01-28,601012,14:16:19,18.8900,1208,2
2026-01-28,601012,14:16:22,18.9000,831,1
2026-01-28,601012,14:16:25,18.8900,570,2
2026-01-28,601012,14:16:28,18.8900,441,2
2026-01-28,601012,14:16:31,18.8900,147,2
2026-01-28,601012,14:16:34,18.8900,154,1
2026-01-28,601012,14:16:37,18.8900,46,2
2026-01-28,601012,14:16:40,18.9000,153,1
2026-01-28,601012,14:16:43,18.8900,410,2
2026-01-28,601012,14:16:46,18.8900,111,2
2026-01-28,601012,14:16:49,18.9000,38,1
2026-01-28,601012,14:16:52,18.8900,62,2
2026-01-28,601012,14:16:55,18.9000,111,1
2026-01-28,601012,14:16:58,18.9000,296,1
2026-01-28,601012,14:17:01,18.8900,309,2
2026-01-28,601012,14:17:04,18.9000,10,1
2026-01-28,601012,14:17:07,18.8900,160,2
2026-01-28,601012,14:17:10,18.9000,1775,1
2026-01-28,601012,14:17:13,18.9000,377,2
2026-01-28,601012,14:17:16,18.9100,134,1
2026-01-28,601012,14:17:19,18.9000,106,2
2026-01-28,601012,14:17:22,18.9000,96,1
2026-01-28,601012,14:17:25,18.9000,69,1
2026-01-28,601012,14:17:28,18.9000,110,1
2026-01-28,601012,14:17:31,18.9000,60,1
2026-01-28,601012,14:17:34,18.8900,199,2
2026-01-28,601012,14:17:37,18.9000,545,1
2026-01-28,601012,14:17:40,18.8900,357,2
2026-01-28,601012,14:17:43,18.9000,95,1
2026-01-28,601012,14:17:46,18.9000,113,1
2026-01-28,601012,14:17:49,18.9000,146,1
2026-01-28,601012,14:17:52,18.9000,315,1
2026-01-28,601012,14:17:55,18.9000,57,1
2026-01-28,601012,14:17:58,18.9000,209,1
2026-01-28,601012,14:18:01,18.8900,69,2
2026-01-28,601012,14:18:04,18.8900,184,2
2026-01-28,601012,14:18:07,18.9000,137,1
2026-01-28,601012,14:18:10,18.9000,121,1
2026-01-28,601012,14:18:13,18.9000,68,1
2026-01-28,601012,14:18:16,18.9000,116,1
2026-01-28,601012,14:18:19,18.9000,287,1
2026-01-28,601012,14:18:22,18.8900,213,2
2026-01-28,601012,14:18:25,18.9000,236,1
2026-01-28,601012,14:18:28,18.8900,842,2
2026-01-28,601012,14:18:31,18.8900,384,2
2026-01-28,601012,14:18:34,18.8900,113,1
2026-01-28,601012,14:18:37,18.8900,288,2
2026-01-28,601012,14:18:40,18.9000,339,1
2026-01-28,601012,14:18:43,18.9000,218,1
2026-01-28,601012,14:18:46,18.8900,713,2
2026-01-28,601012,14:18:49,18.8900,274,2
2026-01-28,601012,14:18:52,18.9000,50,1
2026-01-28,601012,14:18:55,18.8900,392,2
2026-01-28,601012,14:18:58,18.8900,73,2
2026-01-28,601012,14:19:01,18.9000,64,1
2026-01-28,601012,14:19:04,18.9000,126,1
2026-01-28,601012,14:19:07,18.9000,53,1
2026-01-28,601012,14:19:10,18.8900,32,2
2026-01-28,601012,14:19:13,18.8900,758,2
2026-01-28,601012,14:19:16,18.8900,101,2
2026-01-28,601012,14:19:19,18.9000,412,1
2026-01-28,601012,14:19:22,18.9000,76,1
2026-01-28,601012,14:19:25,18.9000,294,1
2026-01-28,601012,14:19:28,18.8900,73,2
2026-01-28,601012,14:19:31,18.8900,79,2
2026-01-28,601012,14:19:34,18.9000,41,1
2026-01-28,601012,14:19:37,18.8900,99,2
2026-01-28,601012,14:19:40,18.9000,24,1
2026-01-28,601012,14:19:43,18.9000,141,1
2026-01-28,601012,14:19:46,18.9000,191,1
2026-01-28,601012,14:19:49,18.9000,317,1
2026-01-28,601012,14:19:52,18.8900,319,2
2026-01-28,601012,14:19:55,18.8900,912,2
2026-01-28,601012,14:19:58,18.8900,949,2
2026-01-28,601012,14:20:01,18.8900,471,1
2026-01-28,601012,14:20:04,18.8900,28,1
2026-01-28,601012,14:20:07,18.8800,23,2
2026-01-28,601012,14:20:10,18.8900,146,1
2026-01-28,601012,14:20:13,18.8900,115,1
2026-01-28,601012,14:20:16,18.8900,146,1
2026-01-28,601012,14:20:19,18.8800,71,2
2026-01-28,601012,14:20:22,18.8800,112,2
2026-01-28,601012,14:20:25,18.8900,288,1
2026-01-28,601012,14:20:28,18.8900,176,1
2026-01-28,601012,14:20:31,18.8800,530,2
2026-01-28,601012,14:20:34,18.8800,104,2
2026-01-28,601012,14:20:37,18.8900,168,1
2026-01-28,601012,14:20:40,18.8800,72,2
2026-01-28,601012,14:20:43,18.8800,78,2
2026-01-28,601012,14:20:46,18.8900,218,1
2026-01-28,601012,14:20:49,18.8900,247,1
2026-01-28,601012,14:20:52,18.8900,186,1
2026-01-28,601012,14:20:55,18.8800,99,2
2026-01-28,601012,14:20:58,18.8800,162,2
2026-01-28,601012,14:21:01,18.8800,208,2
2026-01-28,601012,14:21:04,18.8900,1125,1
2026-01-28,601012,14:21:07,18.8900,365,1
2026-01-28,601012,14:21:10,18.8800,310,2
2026-01-28,601012,14:21:13,18.8800,299,2
2026-01-28,601012,14:21:16,18.8800,37,2
2026-01-28,601012,14:21:19,18.8900,137,1
2026-01-28,601012,14:21:22,18.8900,47,1
2026-01-28,601012,14:21:25,18.8900,102,1
2026-01-28,601012,14:21:28,18.8900,811,1
2026-01-28,601012,14:21:31,18.8900,302,2
2026-01-28,601012,14:21:34,18.8900,24,2
2026-01-28,601012,14:21:37,18.9000,167,1
2026-01-28,601012,14:21:40,18.9000,101,1
2026-01-28,601012,14:21:43,18.9000,55,1
2026-01-28,601012,14:21:46,18.8900,18,2
2026-01-28,601012,14:21:49,18.8900,430,2
2026-01-28,601012,14:21:52,18.9000,9,1
2026-01-28,601012,14:21:55,18.9000,171,1
2026-01-28,601012,14:21:58,18.8900,266,2
2026-01-28,601012,14:22:01,18.9000,441,1
2026-01-28,601012,14:22:04,18.9000,669,1
2026-01-28,601012,14:22:07,18.9000,77,1
2026-01-28,601012,14:22:10,18.9000,205,1
2026-01-28,601012,14:22:13,18.9000,2308,1
2026-01-28,601012,14:22:16,18.8900,722,2
2026-01-28,601012,14:22:19,18.8900,383,2
2026-01-28,601012,14:22:22,18.8900,462,1
2026-01-28,601012,14:22:25,18.8900,157,1
2026-01-28,601012,14:22:28,18.8900,209,1
2026-01-28,601012,14:22:31,18.8800,312,2
2026-01-28,601012,14:22:34,18.8900,213,1
2026-01-28,601012,14:22:37,18.8900,88,1
2026-01-28,601012,14:22:40,18.8900,245,1
2026-01-28,601012,14:22:43,18.8900,230,1
2026-01-28,601012,14:22:46,18.8800,130,2
2026-01-28,601012,14:22:49,18.8900,191,1
2026-01-28,601012,14:22:52,18.8900,670,1
2026-01-28,601012,14:22:55,18.8800,69,2
2026-01-28,601012,14:22:58,18.8900,241,1
2026-01-28,601012,14:23:01,18.8900,33,1
2026-01-28,601012,14:23:04,18.8900,685,1
2026-01-28,601012,14:23:07,18.8900,71,1
2026-01-28,601012,14:23:10,18.8800,248,2
2026-01-28,601012,14:23:13,18.8900,215,1
2026-01-28,601012,14:23:16,18.8900,71,1
2026-01-28,601012,14:23:19,18.8800,255,2
2026-01-28,601012,14:23:22,18.8800,131,2
2026-01-28,601012,14:23:25,18.8800,50,2
2026-01-28,601012,14:23:28,18.8800,154,2
2026-01-28,601012,14:23:31,18.8900,150,1
2026-01-28,601012,14:23:34,18.8800,199,2
2026-01-28,601012,14:23:37,18.8900,84,1
2026-01-28,601012,14:23:40,18.8800,199,2
2026-01-28,601012,14:23:43,18.8900,295,1
2026-01-28,601012,14:23:46,18.8900,315,1
2026-01-28,601012,14:23:49,18.8900,190,1
2026-01-28,601012,14:23:52,18.8900,416,1
2026-01-28,601012,14:23:55,18.8900,164,1
2026-01-28,601012,14:23:58,18.8800,179,2
2026-01-28,601012,14:24:01,18.8900,7,1
2026-01-28,601012,14:24:04,18.8900,133,1
2026-01-28,601012,14:24:07,18.8900,50,1
2026-01-28,601012,14:24:10,18.8800,135,2
2026-01-28,601012,14:24:13,18.8900,366,1
2026-01-28,601012,14:24:16,18.8800,378,2
2026-01-28,601012,14:24:19,18.8900,125,1
2026-01-28,601012,14:24:22,18.8800,160,2
2026-01-28,601012,14:24:25,18.8900,311,1
2026-01-28,601012,14:24:28,18.8900,121,1
2026-01-28,601012,14:24:31,18.8800,311,2
2026-01-28,601012,14:24:34,18.8900,310,1
2026-01-28,601012,14:24:37,18.8900,289,1
2026-01-28,601012,14:24:40,18.8900,871,1
2026-01-28,601012,14:24:43,18.8800,624,2
2026-01-28,601012,14:24:46,18.8900,138,1
2026-01-28,601012,14:24:49,18.8900,56,1
2026-01-28,601012,14:24:52,18.8900,95,1
2026-01-28,601012,14:24:55,18.8800,2243,2
2026-01-28,601012,14:24:58,18.8600,11080,2
2026-01-28,601012,14:25:01,18.8700,3115,1
2026-01-28,601012,14:25:04,18.8600,177,2
2026-01-28,601012,14:25:07,18.8700,1925,1
2026-01-28,601012,14:25:10,18.8700,678,1
2026-01-28,601012,14:25:13,18.8700,685,1
2026-01-28,601012,14:25:16,18.8700,1216,1
2026-01-28,601012,14:25:19,18.8700,599,1
2026-01-28,601012,14:25:22,18.8700,852,1
2026-01-28,601012,14:25:25,18.8700,855,2
2026-01-28,601012,14:25:28,18.8800,542,1
2026-01-28,601012,14:25:31,18.8800,125,2
2026-01-28,601012,14:25:34,18.8800,504,1
2026-01-28,601012,14:25:37,18.8700,137,2
2026-01-28,601012,14:25:40,18.8800,513,1
2026-01-28,601012,14:25:43,18.8800,337,2
2026-01-28,601012,14:25:46,18.8800,95,2
2026-01-28,601012,14:25:49,18.8800,318,2
2026-01-28,601012,14:25:52,18.8800,417,1
2026-01-28,601012,14:25:55,18.8700,491,2
2026-01-28,601012,14:25:58,18.8700,409,2
2026-01-28,601012,14:26:01,18.8800,124,1
2026-01-28,601012,14:26:04,18.8800,127,1
2026-01-28,601012,14:26:07,18.8700,223,2
2026-01-28,601012,14:26:10,18.8700,476,1
2026-01-28,601012,14:26:13,18.8800,273,1
2026-01-28,601012,14:26:16,18.8700,198,2
2026-01-28,601012,14:26:19,18.8800,11,1
2026-01-28,601012,14:26:22,18.8800,101,1
2026-01-28,601012,14:26:25,18.8800,490,1
2026-01-28,601012,14:26:28,18.8800,184,1
2026-01-28,601012,14:26:31,18.8800,172,1
2026-01-28,601012,14:26:34,18.8800,155,1
2026-01-28,601012,14:26:37,18.8800,209,2
2026-01-28,601012,14:26:40,18.8800,112,2
2026-01-28,601012,14:26:43,18.8900,536,1
2026-01-28,601012,14:26:46,18.8800,110,2
2026-01-28,601012,14:26:49,18.8900,153,1
2026-01-28,601012,14:26:52,18.8900,137,1
2026-01-28,601012,14:26:55,18.8900,430,1
2026-01-28,601012,14:26:58,18.8900,27,1
2026-01-28,601012,14:27:01,18.8800,116,2
2026-01-28,601012,14:27:04,18.8900,201,1
2026-01-28,601012,14:27:07,18.9000,127,1
2026-01-28,601012,14:27:10,18.8900,335,2
2026-01-28,601012,14:27:13,18.8900,288,2
2026-01-28,601012,14:27:16,18.9000,35,1
2026-01-28,601012,14:27:19,18.8900,142,2
2026-01-28,601012,14:27:22,18.8900,255,2
2026-01-28,601012,14:27:25,18.9000,195,1
2026-01-28,601012,14:27:28,18.8900,142,2
2026-01-28,601012,14:27:31,18.9000,88,1
2026-01-28,601012,14:27:34,18.9000,81,1
2026-01-28,601012,14:27:37,18.9000,91,1
2026-01-28,601012,14:27:40,18.9000,50,1
2026-01-28,601012,14:27:43,18.9000,114,1
2026-01-28,601012,14:27:46,18.8900,151,2
2026-01-28,601012,14:27:49,18.8900,101,2
2026-01-28,601012,14:27:52,18.9000,185,1
2026-01-28,601012,14:27:55,18.8900,229,2
2026-01-28,601012,14:27:58,18.8900,273,1
2026-01-28,601012,14:28:01,18.8900,144,1
2026-01-28,601012,14:28:04,18.8900,125,1
2026-01-28,601012,14:28:07,18.8800,195,2
2026-01-28,601012,14:28:10,18.8900,168,1
2026-01-28,601012,14:28:13,18.8900,194,2
2026-01-28,601012,14:28:16,18.8900,155,1
2026-01-28,601012,14:28:19,18.8900,132,1
2026-01-28,601012,14:28:22,18.8900,99,1
2026-01-28,601012,14:28:25,18.8900,329,1
2026-01-28,601012,14:28:28,18.8900,101,1
2026-01-28,601012,14:28:31,18.8900,218,2
2026-01-28,601012,14:28:34,18.8900,66,2
2026-01-28,601012,14:28:37,18.9000,143,1
2026-01-28,601012,14:28:40,18.8900,89,2
2026-01-28,601012,14:28:43,18.8900,72,2
2026-01-28,601012,14:28:46,18.8900,107,2
2026-01-28,601012,14:28:49,18.9000,20,1
2026-01-28,601012,14:28:52,18.8900,39,2
2026-01-28,601012,14:28:55,18.9000,62,1
2026-01-28,601012,14:28:58,18.9000,48,1
2026-01-28,601012,14:29:01,18.9000,75,1
2026-01-28,601012,14:29:04,18.9000,253,1
2026-01-28,601012,14:29:07,18.9000,39,1
2026-01-28,601012,14:29:10,18.8900,128,2
2026-01-28,601012,14:29:13,18.8900,204,2
2026-01-28,601012,14:29:16,18.8900,161,2
2026-01-28,601012,14:29:19,18.8900,513,2
2026-01-28,601012,14:29:22,18.8900,1041,2
2026-01-28,601012,14:29:25,18.8900,647,1
2026-01-28,601012,14:29:28,18.8800,163,2
2026-01-28,601012,14:29:31,18.8900,183,1
2026-01-28,601012,14:29:34,18.8800,162,2
2026-01-28,601012,14:29:37,18.8800,325,2
2026-01-28,601012,14:29:40,18.8900,296,1
2026-01-28,601012,14:29:43,18.8800,77,2
2026-01-28,601012,14:29:46,18.8900,370,1
2026-01-28,601012,14:29:49,18.8800,44,2
2026-01-28,601012,14:29:52,18.8800,20,2
2026-01-28,601012,14:29:55,18.8800,112,2
2026-01-28,601012,14:29:58,18.8800,80,2
2026-01-28,601012,14:30:01,18.8800,1337,2
2026-01-28,601012,14:30:04,18.8700,1591,2
2026-01-28,601012,14:30:07,18.8800,853,1
2026-01-28,601012,14:30:10,18.8800,372,2
2026-01-28,601012,14:30:13,18.8800,595,2
2026-01-28,601012,14:30:16,18.8800,374,1
2026-01-28,601012,14:30:19,18.8800,99,1
2026-01-28,601012,14:30:22,18.8800,298,1
2026-01-28,601012,14:30:25,18.8700,75,2
2026-01-28,601012,14:30:28,18.8700,62,2
2026-01-28,601012,14:30:31,18.8800,72,1
2026-01-28,601012,14:30:34,18.8700,66,2
2026-01-28,601012,14:30:37,18.8700,115,2
2026-01-28,601012,14:30:40,18.8700,155,2
2026-01-28,601012,14:30:43,18.8800,185,1
2026-01-28,601012,14:30:46,18.8800,497,1
2026-01-28,601012,14:30:49,18.8900,177,1
2026-01-28,601012,14:30:52,18.8900,292,1
2026-01-28,601012,14:30:55,18.8800,269,2
2026-01-28,601012,14:30:58,18.8800,298,2
2026-01-28,601012,14:31:01,18.8800,143,2
2026-01-28,601012,14:31:04,18.8800,137,2
2026-01-28,601012,14:31:07,18.8800,442,1
2026-01-28,601012,14:31:10,18.8800,1095,1
2026-01-28,601012,14:31:13,18.8700,429,2
2026-01-28,601012,14:31:16,18.8800,299,1
2026-01-28,601012,14:31:19,18.8800,266,1
2026-01-28,601012,14:31:22,18.8900,127,1
2026-01-28,601012,14:31:25,18.8900,286,1
2026-01-28,601012,14:31:28,18.8800,129,2
2026-01-28,601012,14:31:31,18.8900,185,1
2026-01-28,601012,14:31:34,18.8800,325,2
2026-01-28,601012,14:31:37,18.8900,122,1
2026-01-28,601012,14:31:40,18.8900,110,1
2026-01-28,601012,14:31:43,18.8900,208,1
2026-01-28,601012,14:31:46,18.8900,1338,2
2026-01-28,601012,14:31:49,18.9000,339,1
2026-01-28,601012,14:31:52,18.9000,1367,1
2026-01-28,601012,14:31:55,18.8900,672,2
2026-01-28,601012,14:31:58,18.8900,330,2
2026-01-28,601012,14:32:01,18.9000,508,1
2026-01-28,601012,14:32:04,18.8900,97,2
2026-01-28,601012,14:32:07,18.8900,401,2
2026-01-28,601012,14:32:10,18.8900,294,2
2026-01-28,601012,14:32:13,18.8900,374,2
2026-01-28,601012,14:32:16,18.8900,128,1
2026-01-28,601012,14:32:19,18.8800,99,2
2026-01-28,601012,14:32:22,18.8900,190,1
2026-01-28,601012,14:32:25,18.8800,375,2
2026-01-28,601012,14:32:28,18.8700,164,2
2026-01-28,601012,14:32:31,18.8900,90,1
2026-01-28,601012,14:32:34,18.8800,98,2
2026-01-28,601012,14:32:37,18.8900,39,1
2026-01-28,601012,14:32:40,18.8800,298,2
2026-01-28,601012,14:32:43,18.8900,181,1
2026-01-28,601012,14:32:46,18.8800,269,2
2026-01-28,601012,14:32:49,18.8800,152,1
2026-01-28,601012,14:32:52,18.8700,75,2
2026-01-28,601012,14:32:55,18.8900,52,1
2026-01-28,601012,14:32:58,18.8900,33,1
2026-01-28,601012,14:33:01,18.8900,748,1
2026-01-28,601012,14:33:04,18.8800,129,2
2026-01-28,601012,14:33:07,18.8900,71,1
2026-01-28,601012,14:33:10,18.8900,49,1
2026-01-28,601012,14:33:13,18.8900,154,1
2026-01-28,601012,14:33:16,18.8900,238,1
2026-01-28,601012,14:33:19,18.8900,176,1
2026-01-28,601012,14:33:22,18.8900,217,1
2026-01-28,601012,14:33:25,18.8900,351,2
2026-01-28,601012,14:33:28,18.8900,125,2
2026-01-28,601012,14:33:31,18.8900,225,1
2026-01-28,601012,14:33:34,18.8900,292,1
2026-01-28,601012,14:33:37,18.8800,126,2
2026-01-28,601012,14:33:40,18.8900,488,4
2026-01-28,601012,14:33:43,18.8800,61,2
2026-01-28,601012,14:33:46,18.8900,136,1
2026-01-28,601012,14:33:49,18.8900,121,1
2026-01-28,601012,14:33:52,18.8900,147,1
2026-01-28,601012,14:33:55,18.8900,200,1
2026-01-28,601012,14:33:58,18.8900,221,1
2026-01-28,601012,14:34:01,18.8900,77,2
2026-01-28,601012,14:34:04,18.8900,66,2
2026-01-28,601012,14:34:07,18.9000,118,1
2026-01-28,601012,14:34:10,18.9000,116,1
2026-01-28,601012,14:34:13,18.8900,85,2
2026-01-28,601012,14:34:16,18.9000,735,1
2026-01-28,601012,14:34:19,18.9100,539,1
2026-01-28,601012,14:34:22,18.9000,219,2
2026-01-28,601012,14:34:25,18.9100,549,1
2026-01-28,601012,14:34:28,18.9100,44,1
2026-01-28,601012,14:34:31,18.9200,41,1
2026-01-28,601012,14:34:34,18.9100,120,2
2026-01-28,601012,14:34:37,18.9200,218,1
2026-01-28,601012,14:34:40,18.9100,308,2
2026-01-28,601012,14:34:43,18.9100,544,1
2026-01-28,601012,14:34:46,18.9000,61,2
2026-01-28,601012,14:34:49,18.9000,80,2
2026-01-28,601012,14:34:52,18.9100,517,1
2026-01-28,601012,14:34:55,18.9100,68,2
2026-01-28,601012,14:34:58,18.9100,261,2
2026-01-28,601012,14:35:01,18.9000,297,2
2026-01-28,601012,14:35:04,18.9100,130,1
2026-01-28,601012,14:35:07,18.9000,669,2
2026-01-28,601012,14:35:10,18.9100,312,1
2026-01-28,601012,14:35:13,18.9200,88,1
2026-01-28,601012,14:35:16,18.9200,633,1
2026-01-28,601012,14:35:19,18.9200,210,1
2026-01-28,601012,14:35:22,18.9200,135,1
2026-01-28,601012,14:35:25,18.9200,134,1
2026-01-28,601012,14:35:28,18.9200,355,1
2026-01-28,601012,14:35:31,18.9200,446,1
2026-01-28,601012,14:35:34,18.9200,184,2
2026-01-28,601012,14:35:37,18.9200,254,2
2026-01-28,601012,14:35:40,18.9300,103,1
2026-01-28,601012,14:35:43,18.9200,462,2
2026-01-28,601012,14:35:46,18.9200,153,1
2026-01-28,601012,14:35:49,18.9200,291,1
2026-01-28,601012,14:35:52,18.9200,356,2
2026-01-28,601012,14:35:55,18.9300,70,1
2026-01-28,601012,14:35:58,18.9300,291,1
2026-01-28,601012,14:36:01,18.9300,926,1
2026-01-28,601012,14:36:04,18.9300,253,2
2026-01-28,601012,14:36:07,18.9200,482,2
2026-01-28,601012,14:36:10,18.9300,527,1
2026-01-28,601012,14:36:13,18.9200,1340,2
2026-01-28,601012,14:36:16,18.9000,1260,2
2026-01-28,601012,14:36:19,18.9000,1017,2
2026-01-28,601012,14:36:22,18.8900,374,2
2026-01-28,601012,14:36:25,18.8900,267,2
2026-01-28,601012,14:36:28,18.8800,377,2
2026-01-28,601012,14:36:31,18.8800,470,2
2026-01-28,601012,14:36:34,18.9000,1002,1
2026-01-28,601012,14:36:37,18.8900,182,4
2026-01-28,601012,14:36:40,18.8900,509,2
2026-01-28,601012,14:36:43,18.8800,742,2
2026-01-28,601012,14:36:46,18.8800,1083,2
2026-01-28,601012,14:36:49,18.8900,745,1
2026-01-28,601012,14:36:52,18.8700,1711,2
2026-01-28,601012,14:36:55,18.8700,444,2
2026-01-28,601012,14:36:58,18.8800,526,1
2026-01-28,601012,14:37:01,18.8800,280,2
2026-01-28,601012,14:37:04,18.8800,468,2
2026-01-28,601012,14:37:07,18.8800,399,1
2026-01-28,601012,14:37:10,18.8700,539,2
2026-01-28,601012,14:37:13,18.8700,997,2
2026-01-28,601012,14:37:16,18.8600,641,2
2026-01-28,601012,14:37:19,18.8700,358,1
2026-01-28,601012,14:37:22,18.8600,677,2
2026-01-28,601012,14:37:25,18.8600,225,2
2026-01-28,601012,14:37:28,18.8600,283,2
2026-01-28,601012,14:37:31,18.8700,415,1
2026-01-28,601012,14:37:34,18.8600,486,2
2026-01-28,601012,14:37:37,18.8600,360,2
2026-01-28,601012,14:37:40,18.8600,168,2
2026-01-28,601012,14:37:43,18.8600,205,2
2026-01-28,601012,14:37:46,18.8700,332,1
2026-01-28,601012,14:37:49,18.8600,447,2
2026-01-28,601012,14:37:52,18.8600,3478,2
2026-01-28,601012,14:37:55,18.8500,12336,2
2026-01-28,601012,14:37:58,18.8400,2588,2
2026-01-28,601012,14:38:01,18.8500,670,1
2026-01-28,601012,14:38:04,18.8400,806,2
2026-01-28,601012,14:38:07,18.8400,520,2
2026-01-28,601012,14:38:10,18.8400,596,2
2026-01-28,601012,14:38:13,18.8400,807,2
2026-01-28,601012,14:38:16,18.8400,998,2
2026-01-28,601012,14:38:19,18.8500,657,1
2026-01-28,601012,14:38:22,18.8500,577,1
2026-01-28,601012,14:38:25,18.8500,499,1
2026-01-28,601012,14:38:28,18.8500,1614,1
2026-01-28,601012,14:38:31,18.8400,725,2
2026-01-28,601012,14:38:34,18.8400,928,1
2026-01-28,601012,14:38:37,18.8400,399,1
2026-01-28,601012,14:38:40,18.8400,932,1
2026-01-28,601012,14:38:43,18.8400,528,1
2026-01-28,601012,14:38:46,18.8300,748,2
2026-01-28,601012,14:38:49,18.8300,450,2
2026-01-28,601012,14:38:52,18.8300,257,2
2026-01-28,601012,14:38:55,18.8300,576,2
2026-01-28,601012,14:38:58,18.8200,360,2
2026-01-28,601012,14:39:01,18.8300,391,1
2026-01-28,601012,14:39:04,18.8200,581,2
2026-01-28,601012,14:39:07,18.8200,4844,2
2026-01-28,601012,14:39:10,18.8100,1436,2
2026-01-28,601012,14:39:13,18.8100,840,2
2026-01-28,601012,14:39:16,18.8100,400,2
2026-01-28,601012,14:39:19,18.8200,424,4
2026-01-28,601012,14:39:22,18.8100,425,2
2026-01-28,601012,14:39:25,18.8200,510,4
2026-01-28,601012,14:39:28,18.8200,4835,2
2026-01-28,601012,14:39:31,18.8100,1547,2
2026-01-28,601012,14:39:34,18.8200,1504,1
2026-01-28,601012,14:39:37,18.8200,599,2
2026-01-28,601012,14:39:40,18.8200,359,1
2026-01-28,601012,14:39:43,18.8200,1371,1
2026-01-28,601012,14:39:46,18.8200,179,2
2026-01-28,601012,14:39:49,18.8200,397,2
2026-01-28,601012,14:39:52,18.8200,836,2
2026-01-28,601012,14:39:55,18.8200,578,2
2026-01-28,601012,14:39:58,18.8200,492,1
2026-01-28,601012,14:40:01,18.8100,183,2
2026-01-28,601012,14:40:04,18.8200,329,1
2026-01-28,601012,14:40:07,18.8200,225,1
2026-01-28,601012,14:40:10,18.8200,655,1
2026-01-28,601012,14:40:13,18.8200,357,1
2026-01-28,601012,14:40:16,18.8200,1321,1
2026-01-28,601012,14:40:19,18.8200,226,2
2026-01-28,601012,14:40:22,18.8200,350,2
2026-01-28,601012,14:40:25,18.8200,237,2
2026-01-28,601012,14:40:28,18.8200,399,2
2026-01-28,601012,14:40:31,18.8200,509,2
2026-01-28,601012,14:40:34,18.8200,175,2
2026-01-28,601012,14:40:37,18.8200,507,1
2026-01-28,601012,14:40:40,18.8200,301,1
2026-01-28,601012,14:40:43,18.8200,331,1
2026-01-28,601012,14:40:46,18.8200,549,1
2026-01-28,601012,14:40:49,18.8200,556,1
2026-01-28,601012,14:40:52,18.8200,321,1
2026-01-28,601012,14:40:55,18.8100,485,2
2026-01-28,601012,14:40:58,18.8200,178,1
2026-01-28,601012,14:41:01,18.8200,477,2
2026-01-28,601012,14:41:04,18.8300,754,1
2026-01-28,601012,14:41:07,18.8300,796,1
2026-01-28,601012,14:41:10,18.8200,343,2
2026-01-28,601012,14:41:13,18.8300,159,2
2026-01-28,601012,14:41:16,18.8200,357,2
2026-01-28,601012,14:41:19,18.8200,327,2
2026-01-28,601012,14:41:22,18.8300,912,1
2026-01-28,601012,14:41:25,18.8200,374,2
2026-01-28,601012,14:41:28,18.8200,388,2
2026-01-28,601012,14:41:31,18.8300,609,1
2026-01-28,601012,14:41:34,18.8200,339,2
2026-01-28,601012,14:41:37,18.8200,370,2
2026-01-28,601012,14:41:40,18.8200,408,2
2026-01-28,601012,14:41:43,18.8300,351,1
2026-01-28,601012,14:41:46,18.8300,331,1
2026-01-28,601012,14:41:49,18.8300,1053,1
2026-01-28,601012,14:41:52,18.8200,587,2
2026-01-28,601012,14:41:55,18.8200,364,2
2026-01-28,601012,14:41:58,18.8300,386,1
2026-01-28,601012,14:42:01,18.8200,342,2
2026-01-28,601012,14:42:04,18.8300,305,1
2026-01-28,601012,14:42:07,18.8300,308,1
2026-01-28,601012,14:42:10,18.8200,609,2
2026-01-28,601012,14:42:13,18.8300,367,1
2026-01-28,601012,14:42:16,18.8200,299,2
2026-01-28,601012,14:42:19,18.8200,302,2
2026-01-28,601012,14:42:22,18.8200,384,2
2026-01-28,601012,14:42:25,18.8200,533,2
2026-01-28,601012,14:42:28,18.8200,468,2
2026-01-28,601012,14:42:31,18.8200,415,2
2026-01-28,601012,14:42:34,18.8100,632,2
2026-01-28,601012,14:42:37,18.8200,565,1
2026-01-28,601012,14:42:40,18.8200,274,2
2026-01-28,601012,14:42:43,18.8200,643,1
2026-01-28,601012,14:42:46,18.8200,459,1
2026-01-28,601012,14:42:49,18.8100,540,2
2026-01-28,601012,14:42:52,18.8100,585,2
2026-01-28,601012,14:42:55,18.8200,471,1
2026-01-28,601012,14:42:58,18.8100,1120,2
2026-01-28,601012,14:43:01,18.8200,614,1
2026-01-28,601012,14:43:04,18.8100,461,2
2026-01-28,601012,14:43:07,18.8100,1362,2
2026-01-28,601012,14:43:10,18.8100,1396,2
2026-01-28,601012,14:43:13,18.8100,649,1
2026-01-28,601012,14:43:16,18.8100,633,1
2026-01-28,601012,14:43:19,18.8100,571,1
2026-01-28,601012,14:43:22,18.8000,616,2
2026-01-28,601012,14:43:25,18.8100,1887,1
2026-01-28,601012,14:43:28,18.8000,548,2
2026-01-28,601012,14:43:31,18.8200,1449,1
2026-01-28,601012,14:43:34,18.8200,427,2
2026-01-28,601012,14:43:37,18.8200,365,2
2026-01-28,601012,14:43:40,18.8100,319,2
2026-01-28,601012,14:43:43,18.8100,428,2
2026-01-28,601012,14:43:46,18.8200,848,1
2026-01-28,601012,14:43:49,18.8100,630,2
2026-01-28,601012,14:43:52,18.8100,739,2
2026-01-28,601012,14:43:55,18.8100,823,2
2026-01-28,601012,14:43:58,18.8100,606,1
2026-01-28,601012,14:44:01,18.8100,692,1
2026-01-28,601012,14:44:04,18.8100,701,2
2026-01-28,601012,14:44:07,18.8100,1220,1
2026-01-28,601012,14:44:10,18.8200,438,1
2026-01-28,601012,14:44:13,18.8200,218,1
2026-01-28,601012,14:44:16,18.8200,413,1
2026-01-28,601012,14:44:19,18.8200,407,1
2026-01-28,601012,14:44:22,18.8100,1524,2
2026-01-28,601012,14:44:25,18.8100,356,2
2026-01-28,601012,14:44:28,18.8100,473,2
2026-01-28,601012,14:44:31,18.8200,180,1
2026-01-28,601012,14:44:34,18.8100,394,2
2026-01-28,601012,14:44:37,18.8100,430,2
2026-01-28,601012,14:44:40,18.8100,318,2
2026-01-28,601012,14:44:43,18.8100,311,2
2026-01-28,601012,14:44:46,18.8200,514,1
2026-01-28,601012,14:44:49,18.8100,181,2
2026-01-28,601012,14:44:52,18.8200,562,1
2026-01-28,601012,14:44:55,18.8200,544,1
2026-01-28,601012,14:44:58,18.8200,479,1
2026-01-28,601012,14:45:01,18.8200,1462,2
2026-01-28,601012,14:45:04,18.8300,287,1
2026-01-28,601012,14:45:07,18.8300,210,1
2026-01-28,601012,14:45:10,18.8200,382,2
2026-01-28,601012,14:45:13,18.8300,387,1
2026-01-28,601012,14:45:16,18.8300,550,2
2026-01-28,601012,14:45:19,18.8300,453,1
2026-01-28,601012,14:45:22,18.8400,312,1
2026-01-28,601012,14:45:25,18.8400,427,1
2026-01-28,601012,14:45:28,18.8300,264,2
2026-01-28,601012,14:45:31,18.8300,654,1
2026-01-28,601012,14:45:34,18.8300,229,1
2026-01-28,601012,14:45:37,18.8400,325,1
2026-01-28,601012,14:45:40,18.8400,284,1
2026-01-28,601012,14:45:43,18.8400,384,1
2026-01-28,601012,14:45:46,18.8300,383,2
2026-01-28,601012,14:45:49,18.8300,571,2
2026-01-28,601012,14:45:52,18.8300,365,2
2026-01-28,601012,14:45:55,18.8200,738,2
2026-01-28,601012,14:45:58,18.8100,587,2
2026-01-28,601012,14:46:01,18.8100,490,2
2026-01-28,601012,14:46:04,18.8200,321,1
2026-01-28,601012,14:46:07,18.8300,421,1
2026-01-28,601012,14:46:10,18.8200,768,2
2026-01-28,601012,14:46:13,18.8200,376,2
2026-01-28,601012,14:46:16,18.8300,304,1
2026-01-28,601012,14:46:19,18.8200,219,2
2026-01-28,601012,14:46:22,18.8200,288,2
2026-01-28,601012,14:46:25,18.8200,275,2
2026-01-28,601012,14:46:28,18.8300,248,1
2026-01-28,601012,14:46:31,18.8300,449,1
2026-01-28,601012,14:46:34,18.8200,567,2
2026-01-28,601012,14:46:37,18.8200,703,2
2026-01-28,601012,14:46:40,18.8200,1395,2
2026-01-28,601012,14:46:43,18.8200,597,2
2026-01-28,601012,14:46:46,18.8200,624,2
2026-01-28,601012,14:46:49,18.8200,608,2
2026-01-28,601012,14:46:52,18.8200,465,2
2026-01-28,601012,14:46:55,18.8200,427,1
2026-01-28,601012,14:46:58,18.8300,287,1
2026-01-28,601012,14:47:01,18.8100,513,2
2026-01-28,601012,14:47:04,18.8100,419,2
2026-01-28,601012,14:47:07,18.8200,762,4
2026-01-28,601012,14:47:10,18.8200,439,2
2026-01-28,601012,14:47:13,18.8300,341,1
2026-01-28,601012,14:47:16,18.8300,287,1
2026-01-28,601012,14:47:19,18.8200,492,2
2026-01-28,601012,14:47:22,18.8100,342,2
2026-01-28,601012,14:47:25,18.8200,360,2
2026-01-28,601012,14:47:28,18.8200,426,1
2026-01-28,601012,14:47:31,18.8100,700,2
2026-01-28,601012,14:47:34,18.8100,474,2
2026-01-28,601012,14:47:37,18.8200,538,1
2026-01-28,601012,14:47:40,18.8100,942,2
2026-01-28,601012,14:47:43,18.8200,604,1
2026-01-28,601012,14:47:46,18.8200,440,1
2026-01-28,601012,14:47:49,18.8200,501,1
2026-01-28,601012,14:47:52,18.8100,395,2
2026-01-28,601012,14:47:55,18.8100,590,2
2026-01-28,601012,14:47:58,18.8100,1907,2
2026-01-28,601012,14:48:01,18.8100,576,2
2026-01-28,601012,14:48:04,18.8100,559,2
2026-01-28,601012,14:48:07,18.8200,573,1
2026-01-28,601012,14:48:10,18.8100,553,2
2026-01-28,601012,14:48:13,18.8100,1812,2
2026-01-28,601012,14:48:16,18.8100,631,2
2026-01-28,601012,14:48:19,18.8100,516,2
2026-01-28,601012,14:48:22,18.8100,955,1
2026-01-28,601012,14:48:25,18.8100,390,1
2026-01-28,601012,14:48:28,18.8100,155,2
2026-01-28,601012,14:48:31,18.8100,481,2
2026-01-28,601012,14:48:34,18.8200,400,1
2026-01-28,601012,14:48:37,18.8100,302,2
2026-01-28,601012,14:48:40,18.8200,1595,1
2026-01-28,601012,14:48:43,18.8100,461,2
2026-01-28,601012,14:48:46,18.8200,282,2
2026-01-28,601012,14:48:49,18.8200,262,2
2026-01-28,601012,14:48:52,18.8200,628,2
2026-01-28,601012,14:48:55,18.8200,564,2
2026-01-28,601012,14:48:58,18.8200,400,2
2026-01-28,601012,14:49:01,18.8100,503,2
2026-01-28,601012,14:49:04,18.8200,437,2
2026-01-28,601012,14:49:07,18.8300,359,1
2026-01-28,601012,14:49:10,18.8300,916,1
2026-01-28,601012,14:49:13,18.8100,750,2
2026-01-28,601012,14:49:16,18.8300,314,1
2026-01-28,601012,14:49:19,18.8300,276,2
2026-01-28,601012,14:49:22,18.8300,168,1
2026-01-28,601012,14:49:25,18.8300,252,1
2026-01-28,601012,14:49:28,18.8300,497,1
2026-01-28,601012,14:49:31,18.8200,332,2
2026-01-28,601012,14:49:34,18.8300,406,1
2026-01-28,601012,14:49:37,18.8300,322,2
2026-01-28,601012,14:49:40,18.8300,175,1
2026-01-28,601012,14:49:43,18.8200,274,2
2026-01-28,601012,14:49:46,18.8200,380,2
2026-01-28,601012,14:49:49,18.8300,872,1
2026-01-28,601012,14:49:52,18.8200,354,2
2026-01-28,601012,14:49:55,18.8200,340,2
2026-01-28,601012,14:49:58,18.8200,342,2
2026-01-28,601012,14:50:01,18.8200,396,2
2026-01-28,601012,14:50:04,18.8300,218,1
2026-01-28,601012,14:50:07,18.8200,230,2
2026-01-28,601012,14:50:10,18.8200,666,2
2026-01-28,601012,14:50:13,18.8200,1133,1
2026-01-28,601012,14:50:16,18.8200,654,1
2026-01-28,601012,14:50:19,18.8200,766,2
2026-01-28,601012,14:50:22,18.8100,632,2
2026-01-28,601012,14:50:25,18.8100,297,2
2026-01-28,601012,14:50:28,18.8100,506,2
2026-01-28,601012,14:50:31,18.8200,348,1
2026-01-28,601012,14:50:34,18.8200,483,1
2026-01-28,601012,14:50:37,18.8200,597,1
2026-01-28,601012,14:50:40,18.8200,506,1
2026-01-28,601012,14:50:43,18.8100,408,2
2026-01-28,601012,14:50:46,18.8200,489,1
2026-01-28,601012,14:50:49,18.8200,362,1
2026-01-28,601012,14:50:52,18.8100,831,2
2026-01-28,601012,14:50:55,18.8100,555,2
2026-01-28,601012,14:50:58,18.8100,795,2
2026-01-28,601012,14:51:01,18.8200,848,1
2026-01-28,601012,14:51:04,18.8200,2098,2
2026-01-28,601012,14:51:07,18.8300,963,4
2026-01-28,601012,14:51:10,18.8300,717,2
2026-01-28,601012,14:51:13,18.8200,522,2
2026-01-28,601012,14:51:16,18.8300,676,1
2026-01-28,601012,14:51:19,18.8100,355,2
2026-01-28,601012,14:51:22,18.8200,274,1
2026-01-28,601012,14:51:25,18.8100,754,2
2026-01-28,601012,14:51:28,18.8100,490,2
2026-01-28,601012,14:51:31,18.8100,479,2
2026-01-28,601012,14:51:34,18.8100,353,2
2026-01-28,601012,14:51:37,18.8100,441,2
2026-01-28,601012,14:51:40,18.8100,550,2
2026-01-28,601012,14:51:43,18.8300,706,1
2026-01-28,601012,14:51:46,18.8300,727,1
2026-01-28,601012,14:51:49,18.8200,292,2
2026-01-28,601012,14:51:52,18.8100,663,2
2026-01-28,601012,14:51:55,18.8200,366,4
2026-01-28,601012,14:51:58,18.8300,751,1
2026-01-28,601012,14:52:01,18.8300,556,1
2026-01-28,601012,14:52:04,18.8200,1748,2
2026-01-28,601012,14:52:07,18.8200,857,2
2026-01-28,601012,14:52:10,18.8300,430,1
2026-01-28,601012,14:52:13,18.8200,912,2
2026-01-28,601012,14:52:16,18.8200,1217,1
2026-01-28,601012,14:52:19,18.8200,909,2
2026-01-28,601012,14:52:22,18.8200,344,1
2026-01-28,601012,14:52:25,18.8200,586,2
2026-01-28,601012,14:52:28,18.8200,382,2
2026-01-28,601012,14:52:31,18.8300,591,1
2026-01-28,601012,14:52:34,18.8200,364,2
2026-01-28,601012,14:52:37,18.8300,687,1
2026-01-28,601012,14:52:40,18.8200,987,2
2026-01-28,601012,14:52:43,18.8300,604,1
2026-01-28,601012,14:52:46,18.8200,394,2
2026-01-28,601012,14:52:49,18.8300,591,1
2026-01-28,601012,14:52:52,18.8200,282,2
2026-01-28,601012,14:52:55,18.8300,345,1
2026-01-28,601012,14:52:58,18.8300,692,1
2026-01-28,601012,14:53:01,18.8300,1279,1
2026-01-28,601012,14:53:04,18.8300,1600,2
2026-01-28,601012,14:53:07,18.8300,617,2
2026-01-28,601012,14:53:10,18.8300,303,1
2026-01-28,601012,14:53:13,18.8300,454,1
2026-01-28,601012,14:53:16,18.8400,796,1
2026-01-28,601012,14:53:19,18.8300,289,2
2026-01-28,601012,14:53:22,18.8300,793,2
2026-01-28,601012,14:53:25,18.8400,301,1
2026-01-28,601012,14:53:28,18.8400,447,1
2026-01-28,601012,14:53:31,18.8500,371,1
2026-01-28,601012,14:53:34,18.8500,432,1
2026-01-28,601012,14:53:37,18.8500,697,1
2026-01-28,601012,14:53:40,18.8500,260,1
2026-01-28,601012,14:53:43,18.8400,1401,2
2026-01-28,601012,14:53:46,18.8300,764,4
2026-01-28,601012,14:53:49,18.8400,964,1
2026-01-28,601012,14:53:52,18.8300,387,2
2026-01-28,601012,14:53:55,18.8200,916,2
2026-01-28,601012,14:53:58,18.8300,386,2
2026-01-28,601012,14:54:01,18.8300,1091,1
2026-01-28,601012,14:54:04,18.8200,632,2
2026-01-28,601012,14:54:07,18.8200,592,1
2026-01-28,601012,14:54:10,18.8200,773,2
2026-01-28,601012,14:54:13,18.8300,623,1
2026-01-28,601012,14:54:16,18.8200,450,2
2026-01-28,601012,14:54:19,18.8200,264,2
2026-01-28,601012,14:54:22,18.8200,597,2
2026-01-28,601012,14:54:25,18.8300,963,1
2026-01-28,601012,14:54:28,18.8200,635,2
2026-01-28,601012,14:54:31,18.8400,801,1
2026-01-28,601012,14:54:34,18.8200,297,2
2026-01-28,601012,14:54:37,18.8100,646,2
2026-01-28,601012,14:54:40,18.8200,285,1
2026-01-28,601012,14:54:43,18.8200,107,2
2026-01-28,601012,14:54:46,18.8200,671,2
2026-01-28,601012,14:54:49,18.8300,520,1
2026-01-28,601012,14:54:52,18.8200,456,2
2026-01-28,601012,14:54:55,18.8200,771,1
2026-01-28,601012,14:54:58,18.8200,947,2
2026-01-28,601012,14:55:01,18.8200,937,2
2026-01-28,601012,14:55:04,18.8100,794,2
2026-01-28,601012,14:55:07,18.8100,618,2
2026-01-28,601012,14:55:10,18.8100,341,2
2026-01-28,601012,14:55:13,18.8100,545,2
2026-01-28,601012,14:55:16,18.8100,980,2
2026-01-28,601012,14:55:19,18.8100,637,2
2026-01-28,601012,14:55:22,18.8200,1032,1
2026-01-28,601012,14:55:25,18.8200,1305,1
2026-01-28,601012,14:55:28,18.8100,1156,2
2026-01-28,601012,14:55:31,18.8100,437,2
2026-01-28,601012,14:55:34,18.8100,604,2
2026-01-28,601012,14:55:37,18.8100,1605,2
2026-01-28,601012,14:55:40,18.8200,836,1
2026-01-28,601012,14:55:43,18.8200,712,1
2026-01-28,601012,14:55:46,18.8200,331,1
2026-01-28,601012,14:55:49,18.8100,685,2
2026-01-28,601012,14:55:52,18.8100,912,2
2026-01-28,601012,14:55:55,18.8100,18519,2
2026-01-28,601012,14:55:58,18.8200,675,1
2026-01-28,601012,14:56:01,18.8100,672,2
2026-01-28,601012,14:56:04,18.8100,744,2
2026-01-28,601012,14:56:07,18.8100,951,2
2026-01-28,601012,14:56:10,18.8200,346,1
2026-01-28,601012,14:56:13,18.8100,851,2
2026-01-28,601012,14:56:16,18.8100,1930,2
2026-01-28,601012,14:56:19,18.8100,426,2
2026-01-28,601012,14:56:22,18.8200,872,1
2026-01-28,601012,14:56:25,18.8100,304,1
2026-01-28,601012,14:56:28,18.8100,810,2
2026-01-28,601012,14:56:31,18.8100,399,2
2026-01-28,601012,14:56:34,18.8100,507,2
2026-01-28,601012,14:56:37,18.8100,520,2
2026-01-28,601012,14:56:40,18.8200,531,1
2026-01-28,601012,14:56:43,18.8100,761,2
2026-01-28,601012,14:56:46,18.8200,588,1
2026-01-28,601012,14:56:49,18.8100,781,2
2026-01-28,601012,14:56:52,18.8200,899,1
2026-01-28,601012,14:56:55,18.8200,237,2
2026-01-28,601012,14:56:58,18.8300,593,1
2026-01-28,601012,14:57:01,18.8200,93,2
2026-01-28,601012,15:00:03,18.8200,29567,4
2026-01-28,601012,13:17:07,18.9400,255,2
2026-01-28,601012,13:17:10,18.9400,134,2
2026-01-28,601012,13:17:13,18.9400,244,2
2026-01-28,601012,13:17:16,18.9400,227,2
2026-01-28,601012,13:17:19,18.9400,242,1
2026-01-28,601012,13:17:22,18.9300,566,2
2026-01-28,601012,13:17:25,18.9300,473,1
2026-01-28,601012,13:17:28,18.9300,274,2
2026-01-28,601012,13:17:31,18.9300,202,2
2026-01-28,601012,13:17:34,18.9300,433,2
2026-01-28,601012,13:17:37,18.9300,359,2
2026-01-28,601012,13:17:40,18.9300,150,2
2026-01-28,601012,13:17:43,18.9300,243,2
2026-01-28,601012,13:17:46,18.9200,187,2
2026-01-28,601012,13:17:49,18.9200,467,2
2026-01-28,601012,13:17:52,18.9300,399,1
2026-01-28,601012,13:17:55,18.9200,390,2
2026-01-28,601012,13:17:58,18.9200,346,2
2026-01-28,601012,13:18:01,18.9200,414,1
2026-01-28,601012,13:18:04,18.9100,518,2
2026-01-28,601012,13:18:07,18.9100,303,2
2026-01-28,601012,13:18:10,18.9200,356,1
2026-01-28,601012,13:18:13,18.9100,236,2
2026-01-28,601012,13:18:16,18.9100,146,1
2026-01-28,601012,13:18:19,18.9000,376,2
2026-01-28,601012,13:18:22,18.9100,91,1
2026-01-28,601012,13:18:25,18.9000,2343,2
2026-01-28,601012,13:18:28,18.9000,942,2
2026-01-28,601012,13:18:31,18.9000,476,2
2026-01-28,601012,13:18:34,18.9000,365,2
2026-01-28,601012,13:18:37,18.9000,396,2
2026-01-28,601012,13:18:40,18.9000,261,1
2026-01-28,601012,13:18:43,18.9000,286,1
2026-01-28,601012,13:18:46,18.9000,381,2
2026-01-28,601012,13:18:49,18.9000,350,2
2026-01-28,601012,13:18:52,18.9000,169,2
2026-01-28,601012,13:18:55,18.9000,69,1
2026-01-28,601012,13:18:58,18.9000,397,1
2026-01-28,601012,13:19:01,18.9000,1215,1
2026-01-28,601012,13:19:04,18.9000,559,2
2026-01-28,601012,13:19:07,18.9100,515,1
2026-01-28,601012,13:19:10,18.9000,902,2
2026-01-28,601012,13:19:13,18.9000,267,2
2026-01-28,601012,13:19:16,18.9000,905,2
2026-01-28,601012,13:19:19,18.9000,376,1
2026-01-28,601012,13:19:22,18.9000,167,1
2026-01-28,601012,13:19:25,18.8900,83,2
2026-01-28,601012,13:19:28,18.9000,224,1
2026-01-28,601012,13:19:31,18.9000,236,1
2026-01-28,601012,13:19:34,18.9000,192,1
2026-01-28,601012,13:19:37,18.8900,443,2
2026-01-28,601012,13:19:40,18.8900,58,2
2026-01-28,601012,13:19:43,18.9000,206,1
2026-01-28,601012,13:19:46,18.9000,116,1
2026-01-28,601012,13:19:49,18.8900,378,2
2026-01-28,601012,13:19:52,18.8900,735,2
2026-01-28,601012,13:19:55,18.8900,383,1
2026-01-28,601012,13:19:58,18.8800,540,2
2026-01-28,601012,13:20:01,18.8900,484,1
2026-01-28,601012,13:20:04,18.8900,495,1
2026-01-28,601012,13:20:07,18.8900,295,1
2026-01-28,601012,13:20:10,18.9000,1626,1
2026-01-28,601012,13:20:13,18.9000,573,1
2026-01-28,601012,13:20:16,18.8900,212,2
2026-01-28,601012,13:20:19,18.9000,731,2
2026-01-28,601012,13:20:22,18.9100,274,1
2026-01-28,601012,13:20:25,18.9000,68,2
2026-01-28,601012,13:20:28,18.9000,294,2
2026-01-28,601012,13:20:31,18.9100,309,1
2026-01-28,601012,13:20:34,18.9100,560,1
2026-01-28,601012,13:20:37,18.9000,268,2
2026-01-28,601012,13:20:40,18.9000,604,2
2026-01-28,601012,13:20:43,18.9100,404,1
2026-01-28,601012,13:20:46,18.9100,686,2
2026-01-28,601012,13:20:49,18.9100,317,2
2026-01-28,601012,13:20:52,18.9100,519,2
2026-01-28,601012,13:20:55,18.9000,210,2
2026-01-28,601012,13:20:58,18.9100,224,1
2026-01-28,601012,13:21:01,18.9000,212,2
2026-01-28,601012,13:21:04,18.9000,497,2
2026-01-28,601012,13:21:07,18.9000,206,2
2026-01-28,601012,13:21:10,18.9100,460,1
2026-01-28,601012,13:21:13,18.9200,747,1
2026-01-28,601012,13:21:16,18.9300,257,2
2026-01-28,601012,13:21:19,18.9300,57,1
2026-01-28,601012,13:21:22,18.9200,196,2
2026-01-28,601012,13:21:25,18.9100,345,2
2026-01-28,601012,13:21:28,18.9200,1380,1
2026-01-28,601012,13:21:31,18.9200,611,2
2026-01-28,601012,13:21:34,18.9200,634,1
2026-01-28,601012,13:21:37,18.9200,436,2
2026-01-28,601012,13:21:40,18.9200,172,2
2026-01-28,601012,13:21:43,18.9100,366,2
2026-01-28,601012,13:21:46,18.9100,156,2
2026-01-28,601012,13:21:49,18.9300,158,1
2026-01-28,601012,13:21:52,18.9200,1398,4
2026-01-28,601012,13:21:55,18.9000,452,2
2026-01-28,601012,13:21:58,18.9000,225,2
2026-01-28,601012,13:22:01,18.9100,152,1
2026-01-28,601012,13:22:04,18.9200,134,1
2026-01-28,601012,13:22:07,18.9200,176,1
2026-01-28,601012,13:22:10,18.9200,110,2
2026-01-28,601012,13:22:13,18.9200,149,2
2026-01-28,601012,13:22:16,18.9200,106,2
2026-01-28,601012,13:22:19,18.9300,714,1
2026-01-28,601012,13:22:22,18.9000,622,2
2026-01-28,601012,13:22:25,18.9200,280,1
2026-01-28,601012,13:22:28,18.9200,349,1
2026-01-28,601012,13:22:31,18.9200,962,1
2026-01-28,601012,13:22:34,18.9000,384,2
2026-01-28,601012,13:22:37,18.9000,170,2
2026-01-28,601012,13:22:40,18.9100,134,1
2026-01-28,601012,13:22:43,18.9100,324,1
2026-01-28,601012,13:22:46,18.9200,130,1
2026-01-28,601012,13:22:49,18.9200,315,2
2026-01-28,601012,13:22:52,18.9100,269,2
2026-01-28,601012,13:22:55,18.9300,37,1
2026-01-28,601012,13:22:58,18.9200,290,2
2026-01-28,601012,13:23:01,18.9100,95,2
2026-01-28,601012,13:23:04,18.9300,302,1
2026-01-28,601012,13:23:07,18.9200,895,4
2026-01-28,601012,13:23:10,18.9300,642,4
2026-01-28,601012,13:23:13,18.9500,1211,1
2026-01-28,601012,13:23:16,18.9400,106,2
2026-01-28,601012,13:23:19,18.9600,605,1
2026-01-28,601012,13:23:22,18.9500,531,4
2026-01-28,601012,13:23:25,18.9500,224,1
2026-01-28,601012,13:23:28,18.9300,810,2
2026-01-28,601012,13:23:31,18.9500,343,1
2026-01-28,601012,13:23:34,18.9400,178,2
2026-01-28,601012,13:23:37,18.9600,264,1
2026-01-28,601012,13:23:40,18.9500,91,2
2026-01-28,601012,13:23:43,18.9600,183,4
2026-01-28,601012,13:23:46,18.9600,145,2
2026-01-28,601012,13:23:49,18.9600,523,1
2026-01-28,601012,13:23:52,18.9400,802,2
2026-01-28,601012,13:23:55,18.9400,894,2
2026-01-28,601012,13:23:58,18.9600,310,1
2026-01-28,601012,13:24:01,18.9600,585,1
2026-01-28,601012,13:24:04,18.9600,874,1
2026-01-28,601012,13:24:07,18.9700,83,4
2026-01-28,601012,13:24:10,18.9500,160,2
2026-01-28,601012,13:24:13,18.9500,703,2
2026-01-28,601012,13:24:16,18.9600,467,1
2026-01-28,601012,13:24:19,18.9600,488,1
2026-01-28,601012,13:24:22,18.9400,134,2
2026-01-28,601012,13:24:25,18.9500,135,4
2026-01-28,601012,13:24:28,18.9600,268,1
2026-01-28,601012,13:24:31,18.9400,406,2
2026-01-28,601012,13:24:34,18.9400,455,2
2026-01-28,601012,13:24:37,18.9500,387,1
2026-01-28,601012,13:24:40,18.9400,641,2
2026-01-28,601012,13:24:43,18.9500,621,1
2026-01-28,601012,13:24:46,18.9400,501,2
2026-01-28,601012,13:24:49,18.9400,587,2
2026-01-28,601012,13:24:52,18.9200,172,2
2026-01-28,601012,13:24:55,18.9300,103,4
2026-01-28,601012,13:24:58,18.9400,259,1
2026-01-28,601012,13:25:01,18.9400,539,1
2026-01-28,601012,13:25:04,18.9400,282,2
2026-01-28,601012,13:25:07,18.9400,287,1
2026-01-28,601012,13:25:10,18.9400,698,1
2026-01-28,601012,13:25:13,18.9300,190,2
2026-01-28,601012,13:25:16,18.9500,173,1
2026-01-28,601012,13:25:19,18.9600,440,1
2026-01-28,601012,13:25:22,18.9500,226,1
2026-01-28,601012,13:25:25,18.9500,190,2
2026-01-28,601012,13:25:28,18.9300,252,2
2026-01-28,601012,13:25:31,18.9500,760,1
2026-01-28,601012,13:25:34,18.9500,446,1
2026-01-28,601012,13:25:37,18.9500,652,1
2026-01-28,601012,13:25:40,18.9600,182,4
2026-01-28,601012,13:25:43,18.9600,169,2
2026-01-28,601012,13:25:46,18.9700,632,1
2026-01-28,601012,13:25:49,18.9700,65,2
2026-01-28,601012,13:25:52,18.9800,2309,1
2026-01-28,601012,13:25:55,18.9900,304,1
2026-01-28,601012,13:25:58,18.9800,260,2
2026-01-28,601012,13:26:01,18.9900,344,1
2026-01-28,601012,13:26:04,18.9700,280,2
2026-01-28,601012,13:26:07,18.9900,768,1
2026-01-28,601012,13:26:10,18.9800,18,2
2026-01-28,601012,13:26:13,18.9800,814,2
2026-01-28,601012,13:26:16,19.0200,2500,1
2026-01-28,601012,13:26:19,18.9900,401,2
2026-01-28,601012,13:26:22,18.9900,232,2
2026-01-28,601012,13:26:25,19.0000,834,1
2026-01-28,601012,13:26:28,18.9900,418,2
2026-01-28,601012,13:26:31,18.9900,707,2
2026-01-28,601012,13:26:34,18.9900,267,2
2026-01-28,601012,13:26:37,18.9900,111,1
2026-01-28,601012,13:26:40,18.9800,323,2
2026-01-28,601012,13:26:43,18.9700,405,2
2026-01-28,601012,13:26:46,18.9700,62,1
2026-01-28,601012,13:26:49,18.9700,294,1
2026-01-28,601012,13:26:52,18.9600,301,2
2026-01-28,601012,13:26:55,18.9500,117,2
2026-01-28,601012,13:26:58,18.9500,152,2
2026-01-28,601012,13:27:01,18.9400,698,2
2026-01-28,601012,13:27:04,18.9400,581,2
2026-01-28,601012,13:27:07,18.9200,460,2
2026-01-28,601012,13:27:10,18.9200,348,2
2026-01-28,601012,13:27:13,18.9200,293,2
2026-01-28,601012,13:27:16,18.9200,113,2
2026-01-28,601012,13:27:19,18.9200,540,2
2026-01-28,601012,13:27:22,18.9200,113,1
2026-01-28,601012,13:27:25,18.9300,231,1
2026-01-28,601012,13:27:28,18.9200,287,2
2026-01-28,601012,13:27:31,18.9300,300,1
2026-01-28,601012,13:27:34,18.9400,157,1
2026-01-28,601012,13:27:37,18.9300,67,2
2026-01-28,601012,13:27:40,18.9300,127,1
2026-01-28,601012,13:27:43,18.9300,151,4
2026-01-28,601012,13:27:46,18.9200,127,2
2026-01-28,601012,13:27:49,18.9200,146,2
2026-01-28,601012,13:27:52,18.9200,69,2
2026-01-28,601012,13:27:55,18.9200,235,2
2026-01-28,601012,13:27:58,18.9100,159,2
2026-01-28,601012,13:28:01,18.9100,192,2
2026-01-28,601012,13:28:04,18.9100,167,2
2026-01-28,601012,13:28:07,18.9200,720,1
2026-01-28,601012,13:28:10,18.9200,329,2
2026-01-28,601012,13:28:13,18.9300,95,4
2026-01-28,601012,13:28:16,18.9200,362,2
2026-01-28,601012,13:28:19,18.9200,172,1
2026-01-28,601012,13:28:22,18.9100,330,2
2026-01-28,601012,13:28:25,18.9200,644,1
2026-01-28,601012,13:28:28,18.9000,445,2
2026-01-28,601012,13:28:31,18.9100,180,2
2026-01-28,601012,13:28:34,18.9100,140,2
2026-01-28,601012,13:28:37,18.9200,212,1
2026-01-28,601012,13:28:40,18.9100,252,2
2026-01-28,601012,13:28:43,18.9100,91,2
2026-01-28,601012,13:28:46,18.9200,171,1
2026-01-28,601012,13:28:49,18.9100,64,2
2026-01-28,601012,13:28:52,18.9100,78,2
2026-01-28,601012,13:28:55,18.9100,206,2
2026-01-28,601012,13:28:58,18.9200,123,1
2026-01-28,601012,13:29:01,18.9200,385,1
2026-01-28,601012,13:29:04,18.9100,312,2
2026-01-28,601012,13:29:07,18.9200,81,1
2026-01-28,601012,13:29:10,18.9200,303,1
2026-01-28,601012,13:29:13,18.9100,142,2
2026-01-28,601012,13:29:16,18.9100,162,2
2026-01-28,601012,13:29:19,18.9200,217,1
2026-01-28,601012,13:29:22,18.9200,90,1
2026-01-28,601012,13:29:25,18.9200,133,1
2026-01-28,601012,13:29:28,18.9200,77,1
2026-01-28,601012,13:29:31,18.9200,77,1
2026-01-28,601012,13:29:34,18.9200,519,1
2026-01-28,601012,13:29:37,18.9300,103,1
2026-01-28,601012,13:29:40,18.9200,117,2
2026-01-28,601012,13:29:43,18.9200,149,2
2026-01-28,601012,13:29:46,18.9200,395,2
2026-01-28,601012,13:29:49,18.9200,202,2
2026-01-28,601012,13:29:52,18.9200,94,2
2026-01-28,601012,13:29:55,18.9200,370,2
2026-01-28,601012,13:29:58,18.9200,366,1
2026-01-28,601012,13:30:01,18.9200,381,1
2026-01-28,601012,13:30:04,18.9100,298,2
2026-01-28,601012,13:30:07,18.9000,576,2
2026-01-28,601012,13:30:10,18.9000,218,2
2026-01-28,601012,13:30:13,18.9000,254,2
2026-01-28,601012,13:30:16,18.9100,194,4
2026-01-28,601012,13:30:19,18.9200,362,1
2026-01-28,601012,13:30:22,18.9100,181,2
2026-01-28,601012,13:30:25,18.9000,163,2
2026-01-28,601012,13:30:28,18.9100,202,2
2026-01-28,601012,13:30:31,18.9100,37,1
2026-01-28,601012,13:30:34,18.9000,494,2
2026-01-28,601012,13:30:37,18.9000,59,2
2026-01-28,601012,13:30:40,18.9000,75,2
2026-01-28,601012,13:30:43,18.9000,99,2
2026-01-28,601012,13:30:46,18.9000,119,2
2026-01-28,601012,13:30:49,18.9100,273,1
2026-01-28,601012,13:30:52,18.9000,537,2
2026-01-28,601012,13:30:55,18.9000,282,2
2026-01-28,601012,13:30:58,18.9100,125,1
2026-01-28,601012,13:31:01,18.9000,205,2
2026-01-28,601012,13:31:04,18.9100,446,1
2026-01-28,601012,13:31:07,18.9100,543,1
2026-01-28,601012,13:31:10,18.9100,128,1
2026-01-28,601012,13:31:13,18.9100,233,1
2026-01-28,601012,13:31:16,18.9000,279,2
2026-01-28,601012,13:31:19,18.9000,140,2
2026-01-28,601012,13:31:22,18.9000,411,2
2026-01-28,601012,13:31:25,18.9100,64,1
2026-01-28,601012,13:31:28,18.9000,433,2
2026-01-28,601012,13:31:31,18.9100,77,1
2026-01-28,601012,13:31:34,18.9000,297,2
2026-01-28,601012,13:31:37,18.9100,51,1
2026-01-28,601012,13:31:40,18.9100,71,1
2026-01-28,601012,13:31:43,18.9100,221,1
2026-01-28,601012,13:31:46,18.9100,251,1
2026-01-28,601012,13:31:49,18.9200,183,1
2026-01-28,601012,13:31:52,18.9100,308,2
2026-01-28,601012,13:31:55,18.9200,73,1
2026-01-28,601012,13:31:58,18.9100,156,2
2026-01-28,601012,13:32:01,18.9100,232,2
2026-01-28,601012,13:32:04,18.9100,390,2
2026-01-28,601012,13:32:07,18.9200,271,4
2026-01-28,601012,13:32:10,18.9100,271,2
2026-01-28,601012,13:32:13,18.9000,207,2
2026-01-28,601012,13:32:16,18.9000,215,2
2026-01-28,601012,13:32:19,18.9100,115,1
2026-01-28,601012,13:32:22,18.9000,1199,2
2026-01-28,601012,13:32:25,18.9000,779,2
2026-01-28,601012,13:32:28,18.9000,184,2
2026-01-28,601012,13:32:31,18.9000,436,2
2026-01-28,601012,13:32:34,18.9000,38,2
2026-01-28,601012,13:32:37,18.9100,1794,1
2026-01-28,601012,13:32:40,18.9100,632,1
2026-01-28,601012,13:32:43,18.9100,62,1
2026-01-28,601012,13:32:46,18.9000,45,2
2026-01-28,601012,13:32:49,18.9200,505,1
2026-01-28,601012,13:32:52,18.9200,253,2
2026-01-28,601012,13:32:55,18.9100,1165,2
2026-01-28,601012,13:32:58,18.9200,309,1
2026-01-28,601012,13:33:01,18.9200,59,1
2026-01-28,601012,13:33:04,18.9100,74,2
2026-01-28,601012,13:33:07,18.9100,77,2
2026-01-28,601012,13:33:10,18.9100,86,2
2026-01-28,601012,13:33:13,18.9100,112,1
2026-01-28,601012,13:33:16,18.9100,85,2
2026-01-28,601012,13:33:19,18.9100,71,1
2026-01-28,601012,13:33:22,18.9200,40,1
2026-01-28,601012,13:33:25,18.9100,37,2
2026-01-28,601012,13:33:28,18.9100,123,2
2026-01-28,601012,13:33:31,18.9100,64,2
2026-01-28,601012,13:33:34,18.9100,135,2
2026-01-28,601012,13:33:37,18.9000,99,2
2026-01-28,601012,13:33:40,18.9100,129,1
2026-01-28,601012,13:33:43,18.9100,302,1
2026-01-28,601012,13:33:46,18.9100,295,1
2026-01-28,601012,13:33:49,18.9000,62,2
2026-01-28,601012,13:33:52,18.9100,68,1
2026-01-28,601012,13:33:55,18.9100,50,1
2026-01-28,601012,13:33:58,18.9100,130,1
2026-01-28,601012,13:34:01,18.9000,54,2
2026-01-28,601012,13:34:04,18.9000,588,2
2026-01-28,601012,13:34:07,18.8900,648,2
2026-01-28,601012,13:34:10,18.8900,517,2
2026-01-28,601012,13:34:13,18.8900,378,2
2026-01-28,601012,13:34:16,18.9000,742,1
2026-01-28,601012,13:34:19,18.8900,279,2
2026-01-28,601012,13:34:22,18.9000,306,1
2026-01-28,601012,13:34:25,18.8900,140,2
2026-01-28,601012,13:34:28,18.9000,175,1
2026-01-28,601012,13:34:31,18.9000,515,1
2026-01-28,601012,13:34:34,18.8900,484,2
2026-01-28,601012,13:34:37,18.8800,200,2
2026-01-28,601012,13:34:40,18.8900,156,1
2026-01-28,601012,13:34:43,18.8900,149,1
2026-01-28,601012,13:34:46,18.8900,69,2
2026-01-28,601012,13:34:49,18.8900,152,2
2026-01-28,601012,13:34:52,18.8900,51,1
2026-01-28,601012,13:34:55,18.8900,455,2
2026-01-28,601012,13:34:58,18.8900,191,2
2026-01-28,601012,13:35:01,18.8900,68,2
2026-01-28,601012,13:35:04,18.9000,276,1
2026-01-28,601012,13:35:07,18.9000,128,1
2026-01-28,601012,13:35:10,18.9000,42,1
2026-01-28,601012,13:35:13,18.9000,488,1
2026-01-28,601012,13:35:16,18.9000,215,2
2026-01-28,601012,13:35:19,18.8900,81,2
2026-01-28,601012,13:35:22,18.9000,45,1
2026-01-28,601012,13:35:25,18.8900,99,2
2026-01-28,601012,13:35:28,18.8900,108,2
2026-01-28,601012,13:35:31,18.9000,130,1
2026-01-28,601012,13:35:34,18.9000,205,1
2026-01-28,601012,13:35:37,18.9000,312,1
2026-01-28,601012,13:35:40,18.8900,183,2
2026-01-28,601012,13:35:43,18.8900,197,1
2026-01-28,601012,13:35:46,18.8900,51,2
2026-01-28,601012,13:35:49,18.8900,16,2
2026-01-28,601012,13:35:52,18.9000,65,1
2026-01-28,601012,13:35:55,18.9000,146,1
2026-01-28,601012,13:35:58,18.8900,114,2
2026-01-28,601012,13:36:01,18.9000,63,1
2026-01-28,601012,13:36:04,18.9000,71,1
2026-01-28,601012,13:36:07,18.9000,266,1
2026-01-28,601012,13:36:10,18.8900,435,2
2026-01-28,601012,13:36:13,18.8900,410,2
2026-01-28,601012,13:36:16,18.9000,184,1
2026-01-28,601012,13:36:19,18.8900,224,2
2026-01-28,601012,13:36:22,18.9000,56,1
2026-01-28,601012,13:36:25,18.8900,306,2
2026-01-28,601012,13:36:28,18.8900,131,1
2026-01-28,601012,13:36:31,18.9000,43,1
2026-01-28,601012,13:36:34,18.8900,100,2
2026-01-28,601012,13:36:37,18.9000,435,1
2026-01-28,601012,13:36:40,18.8900,52,2
2026-01-28,601012,13:36:43,18.8900,77,2
2026-01-28,601012,13:36:46,18.9000,201,1
2026-01-28,601012,13:36:49,18.8900,307,2
2026-01-28,601012,13:36:52,18.8900,179,2
2026-01-28,601012,13:36:55,18.8800,97,2
2026-01-28,601012,13:36:58,18.8900,196,2
2026-01-28,601012,13:37:01,18.9000,343,1
2026-01-28,601012,13:37:04,18.9000,1976,1
2026-01-28,601012,13:37:07,18.9000,46,2
2026-01-28,601012,13:37:10,18.9000,89,2
2026-01-28,601012,13:37:13,18.9100,66,1
2026-01-28,601012,13:37:16,18.9100,43,1
2026-01-28,601012,13:37:19,18.9000,470,2
2026-01-28,601012,13:37:22,18.9100,178,1
2026-01-28,601012,13:37:25,18.9000,221,2
2026-01-28,601012,13:37:28,18.9000,379,1
2026-01-28,601012,13:37:31,18.9000,786,1
2026-01-28,601012,13:37:34,18.9000,536,1
2026-01-28,601012,13:37:37,18.9000,255,1
2026-01-28,601012,13:37:40,18.9000,138,1
2026-01-28,601012,13:37:43,18.9000,264,1
2026-01-28,601012,13:37:46,18.9000,80,1
2026-01-28,601012,13:37:49,18.9000,196,1
2026-01-28,601012,13:37:52,18.9000,262,1
2026-01-28,601012,13:37:55,18.9000,253,1
2026-01-28,601012,13:37:58,18.9000,201,1
2026-01-28,601012,13:38:01,18.9000,63,1
2026-01-28,601012,13:38:04,18.9000,107,1
2026-01-28,601012,13:38:07,18.8900,242,2
2026-01-28,601012,13:38:10,18.9000,217,4
2026-01-28,601012,13:38:13,18.9000,132,2
2026-01-28,601012,13:38:16,18.9000,107,1
2026-01-28,601012,13:38:19,18.9100,228,1
2026-01-28,601012,13:38:22,18.9000,201,2
2026-01-28,601012,13:38:25,18.9100,49,1
2026-01-28,601012,13:38:28,18.9000,468,2
2026-01-28,601012,13:38:31,18.9000,348,2
2026-01-28,601012,13:38:34,18.9100,541,1
2026-01-28,601012,13:38:37,18.9100,177,1
2026-01-28,601012,13:38:40,18.9000,102,2
2026-01-28,601012,13:38:43,18.9100,164,1
2026-01-28,601012,13:38:46,18.9000,374,2
2026-01-28,601012,13:38:49,18.9100,221,1
2026-01-28,601012,13:38:52,18.9100,115,1
2026-01-28,601012,13:38:55,18.9000,155,2
2026-01-28,601012,13:38:58,18.9100,861,1
2026-01-28,601012,13:39:01,18.9100,691,1
2026-01-28,601012,13:39:04,18.9100,597,2
2026-01-28,601012,13:39:07,18.9000,204,2
2026-01-28,601012,13:39:10,18.9000,328,2
2026-01-28,601012,13:39:13,18.9100,399,1
2026-01-28,601012,13:39:16,18.9000,1747,4
2026-01-28,601012,13:39:19,18.8800,1006,2
2026-01-28,601012,13:39:22,18.8800,423,2
2026-01-28,601012,13:39:25,18.8900,409,4
2026-01-28,601012,13:39:28,18.8800,216,2
2026-01-28,601012,13:39:31,18.8800,512,2
2026-01-28,601012,13:39:34,18.8900,405,1
2026-01-28,601012,13:39:37,18.8900,108,2
2026-01-28,601012,13:39:40,18.8900,87,2
2026-01-28,601012,13:39:43,18.8900,223,1
2026-01-28,601012,13:39:46,18.8900,72,2
2026-01-28,601012,13:39:49,18.8900,168,2
2026-01-28,601012,13:39:52,18.8900,112,2
2026-01-28,601012,13:39:55,18.9000,107,1
2026-01-28,601012,13:39:58,18.9000,57,1
2026-01-28,601012,13:40:01,18.9000,83,1
2026-01-28,601012,13:40:04,18.9000,434,1
2026-01-28,601012,13:40:07,18.9000,379,1
2026-01-28,601012,13:40:10,18.9000,109,2
2026-01-28,601012,13:40:13,18.9000,71,2
2026-01-28,601012,13:40:16,18.9100,68,1
2026-01-28,601012,13:40:19,18.9100,140,1
2026-01-28,601012,13:40:22,18.9100,66,1
2026-01-28,601012,13:40:25,18.9100,280,1
2026-01-28,601012,13:40:28,18.9100,823,1
2026-01-28,601012,13:40:31,18.9000,460,2
2026-01-28,601012,13:40:34,18.9000,241,2
2026-01-28,601012,13:40:37,18.9100,305,1
2026-01-28,601012,13:40:40,18.9000,215,2
2026-01-28,601012,13:40:43,18.9100,910,1
2026-01-28,601012,13:40:46,18.9100,229,2
2026-01-28,601012,13:40:49,18.9000,383,2
2026-01-28,601012,13:40:52,18.9000,220,2
2026-01-28,601012,13:40:55,18.9000,79,2
2026-01-28,601012,13:40:58,18.9000,203,2
2026-01-28,601012,13:41:01,18.9000,263,2
2026-01-28,601012,13:41:04,18.9000,220,1
2026-01-28,601012,13:41:07,18.9000,167,1
2026-01-28,601012,13:41:10,18.9000,311,1
2026-01-28,601012,13:41:13,18.9000,172,1
2026-01-28,601012,13:41:16,18.8900,102,2
2026-01-28,601012,13:41:19,18.9000,184,1
2026-01-28,601012,13:41:22,18.9000,164,2
2026-01-28,601012,13:41:25,18.9000,46,2
2026-01-28,601012,13:41:28,18.9000,91,2
2026-01-28,601012,13:41:31,18.9000,324,2
2026-01-28,601012,13:41:34,18.9100,567,1
2026-01-28,601012,13:41:37,18.9000,174,2
2026-01-28,601012,13:41:40,18.9100,79,1
2026-01-28,601012,13:41:43,18.9100,301,1
2026-01-28,601012,13:41:46,18.9100,185,1
2026-01-28,601012,13:41:49,18.9000,301,2
2026-01-28,601012,13:41:52,18.9000,129,2
2026-01-28,601012,13:41:55,18.9000,379,2
2026-01-28,601012,13:41:58,18.9100,533,1
2026-01-28,601012,13:42:01,18.9100,248,2
2026-01-28,601012,13:42:04,18.9200,191,1
2026-01-28,601012,13:42:07,18.9100,112,2
2026-01-28,601012,13:42:10,18.9100,74,1
2026-01-28,601012,13:42:13,18.9200,132,1
2026-01-28,601012,13:42:16,18.9100,62,2
2026-01-28,601012,13:42:19,18.9200,57,1
2026-01-28,601012,13:42:22,18.9200,53,1
2026-01-28,601012,13:42:25,18.9200,89,1
2026-01-28,601012,13:42:28,18.9100,729,2
2026-01-28,601012,13:42:31,18.9100,693,1
2026-01-28,601012,13:42:34,18.9100,211,1
2026-01-28,601012,13:42:37,18.9200,107,1
2026-01-28,601012,13:42:40,18.9100,198,2
2026-01-28,601012,13:42:43,18.9100,117,1
2026-01-28,601012,13:42:46,18.9000,118,2
2026-01-28,601012,13:42:49,18.9000,60,2
2026-01-28,601012,13:42:52,18.9000,50,2
2026-01-28,601012,13:42:55,18.9100,169,1
2026-01-28,601012,13:42:58,18.9100,65,1
2026-01-28,601012,13:43:01,18.9100,139,1
2026-01-28,601012,13:43:04,18.9100,39,2
2026-01-28,601012,13:43:07,18.9100,298,2
2026-01-28,601012,13:43:10,18.9000,137,2
2026-01-28,601012,13:43:13,18.9200,555,1
2026-01-28,601012,13:43:16,18.9200,368,2
2026-01-28,601012,13:43:19,18.9200,318,2
2026-01-28,601012,13:43:22,18.9200,228,1
2026-01-28,601012,13:43:25,18.9100,163,2
2026-01-28,601012,13:43:28,18.9200,96,1
2026-01-28,601012,13:43:31,18.9100,65,2
2026-01-28,601012,13:43:34,18.9100,149,2
2026-01-28,601012,13:43:37,18.9200,403,1
2026-01-28,601012,13:43:40,18.9200,272,1
2026-01-28,601012,13:43:43,18.9200,132,4
2026-01-28,601012,13:43:46,18.9300,186,1
2026-01-28,601012,13:43:49,18.9300,88,1
2026-01-28,601012,13:43:52,18.9300,202,1
2026-01-28,601012,13:43:55,18.9300,162,1
2026-01-28,601012,13:43:58,18.9300,270,1
2026-01-28,601012,13:44:01,18.9300,186,1
2026-01-28,601012,13:44:04,18.9200,61,2
2026-01-28,601012,13:44:07,18.9100,159,2
2026-01-28,601012,13:44:10,18.9200,172,1
2026-01-28,601012,13:44:13,18.9000,210,2
2026-01-28,601012,13:44:16,18.9100,225,4
2026-01-28,601012,13:44:19,18.9100,288,1
2026-01-28,601012,13:44:22,18.9100,729,2
2026-01-28,601012,13:44:25,18.9100,189,2
2026-01-28,601012,13:44:28,18.9100,477,2
2026-01-28,601012,13:44:31,18.9100,477,1
2026-01-28,601012,13:44:34,18.9100,146,2
2026-01-28,601012,13:44:37,18.9200,132,1
2026-01-28,601012,13:44:40,18.9100,106,2
2026-01-28,601012,13:44:43,18.9200,77,1
2026-01-28,601012,13:44:46,18.9200,93,1
2026-01-28,601012,13:44:49,18.9100,118,2
2026-01-28,601012,13:44:52,18.9100,306,2
2026-01-28,601012,13:44:55,18.9100,135,2
2026-01-28,601012,13:44:58,18.9100,89,1
2026-01-28,601012,13:45:01,18.9100,181,1
2026-01-28,601012,13:45:04,18.9100,67,4
2026-01-28,601012,13:45:07,18.9200,257,1
2026-01-28,601012,13:45:10,18.9200,398,1
2026-01-28,601012,13:45:13,18.9100,123,2
2026-01-28,601012,13:45:16,18.9100,84,2
2026-01-28,601012,13:45:19,18.9200,61,1
2026-01-28,601012,13:45:22,18.9100,22,2
2026-01-28,601012,13:45:25,18.9100,55,2
2026-01-28,601012,13:45:28,18.9100,40,2
2026-01-28,601012,13:45:31,18.9100,87,2
2026-01-28,601012,13:45:34,18.9100,73,2
2026-01-28,601012,13:45:37,18.9200,116,1
2026-01-28,601012,13:45:40,18.9100,90,2
2026-01-28,601012,13:45:43,18.9200,203,1
2026-01-28,601012,13:45:46,18.9100,169,2
2026-01-28,601012,13:45:49,18.9100,110,2
2026-01-28,601012,13:45:52,18.9200,121,1
2026-01-28,601012,13:45:55,18.9100,107,2
2026-01-28,601012,13:45:58,18.9100,99,1
2026-01-28,601012,13:46:01,18.9100,164,1
2026-01-28,601012,13:46:04,18.9000,433,2
2026-01-28,601012,13:46:07,18.9000,378,2
2026-01-28,601012,13:46:10,18.9100,853,1
2026-01-28,601012,13:46:13,18.9000,426,2
2026-01-28,601012,13:46:16,18.9100,404,1
2026-01-28,601012,13:46:19,18.9100,108,1
2026-01-28,601012,13:46:22,18.9100,130,1
2026-01-28,601012,13:46:25,18.9100,132,1
2026-01-28,601012,13:46:28,18.9100,109,1
2026-01-28,601012,13:46:31,18.9000,96,2
2026-01-28,601012,13:46:34,18.9000,69,2
2026-01-28,601012,13:46:37,18.9100,144,1
2026-01-28,601012,13:46:40,18.9000,868,2
2026-01-28,601012,13:46:43,18.9100,384,1
2026-01-28,601012,13:46:46,18.9100,507,1
2026-01-28,601012,13:46:49,18.9100,226,1
2026-01-28,601012,13:46:52,18.9000,177,4
2026-01-28,601012,13:46:55,18.9000,334,1
2026-01-28,601012,13:46:58,18.9000,131,1
2026-01-28,601012,13:47:01,18.9000,88,1
2026-01-28,601012,13:47:04,18.9100,52,1
2026-01-28,601012,13:47:07,18.9100,1282,1
2026-01-28,601012,13:47:10,18.9200,580,1
2026-01-28,601012,13:47:13,18.9200,349,1
2026-01-28,601012,13:47:16,18.9200,78,2
2026-01-28,601012,13:47:19,18.9200,57,2
2026-01-28,601012,13:47:22,18.9200,398,2
2026-01-28,601012,13:47:25,18.9100,336,2
2026-01-28,601012,13:47:28,18.9100,155,1
2026-01-28,601012,13:47:31,18.9100,484,1
2026-01-28,601012,13:47:34,18.9100,123,1
2026-01-28,601012,13:47:37,18.9100,237,1
2026-01-28,601012,13:47:40,18.9100,105,2
2026-01-28,601012,13:47:43,18.9100,82,1
2026-01-28,601012,13:47:46,18.9100,109,1
2026-01-28,601012,13:47:49,18.9000,86,2
2026-01-28,601012,13:47:52,18.9000,67,2
2026-01-28,601012,13:47:55,18.9100,34,1
2026-01-28,601012,13:47:58,18.9100,74,1
2026-01-28,601012,13:48:01,18.9100,67,1
2026-01-28,601012,13:48:04,18.9100,159,1
2026-01-28,601012,13:48:07,18.9000,429,2
2026-01-28,601012,13:48:10,18.9400,3348,1
2026-01-28,601012,13:48:13,18.9400,686,1
2026-01-28,601012,13:48:16,18.9300,524,2
2026-01-28,601012,13:48:19,18.9300,594,2
2026-01-28,601012,13:48:22,18.9500,132,1
2026-01-28,601012,13:48:25,18.9500,95,2
2026-01-28,601012,13:48:28,18.9500,53,2
2026-01-28,601012,13:48:31,18.9500,55,2
2026-01-28,601012,13:48:34,18.9600,535,1
2026-01-28,601012,13:48:37,18.9600,93,1
2026-01-28,601012,13:48:40,18.9600,236,1
2026-01-28,601012,13:48:43,18.9600,401,1
2026-01-28,601012,13:48:46,18.9500,151,2
2026-01-28,601012,13:48:49,18.9700,65,1
2026-01-28,601012,13:48:52,18.9600,64,2
2026-01-28,601012,13:48:55,18.9600,75,1
2026-01-28,601012,13:48:58,18.9600,70,2
2026-01-28,601012,13:49:01,18.9600,85,2
2026-01-28,601012,13:49:04,18.9700,25,1
2026-01-28,601012,13:49:07,18.9600,891,2
2026-01-28,601012,13:49:10,18.9700,443,1
2026-01-28,601012,13:49:13,18.9600,310,4
2026-01-28,601012,13:49:16,18.9700,79,1
2026-01-28,601012,13:49:19,18.9700,46,1
2026-01-28,601012,13:49:22,18.9500,287,2
2026-01-28,601012,13:49:25,18.9300,140,2
2026-01-28,601012,13:49:28,18.9300,170,2
2026-01-28,601012,13:49:31,18.9500,27,1
2026-01-28,601012,13:49:34,18.9500,78,1
2026-01-28,601012,13:49:37,18.9500,54,2
2026-01-28,601012,13:49:40,18.9500,221,1
2026-01-28,601012,13:49:43,18.9500,13,2
2026-01-28,601012,13:49:46,18.9500,239,2
2026-01-28,601012,13:49:49,18.9500,67,2
2026-01-28,601012,13:49:52,18.9500,291,1
2026-01-28,601012,13:49:55,18.9400,249,2
2026-01-28,601012,13:49:58,18.9500,519,1
2026-01-28,601012,13:50:01,18.9500,27,2
2026-01-28,601012,13:50:04,18.9500,653,2
2026-01-28,601012,13:50:07,18.9500,89,1
2026-01-28,601012,13:50:10,18.9500,22,1
2026-01-28,601012,13:50:13,18.9400,91,2
2026-01-28,601012,13:50:16,18.9400,222,2
2026-01-28,601012,13:50:19,18.9400,298,1
2026-01-28,601012,13:50:22,18.9400,52,1
2026-01-28,601012,13:50:25,18.9400,96,1
2026-01-28,601012,13:50:28,18.9400,52,1
2026-01-28,601012,13:50:31,18.9400,29,1
2026-01-28,601012,13:50:34,18.9300,168,2
2026-01-28,601012,13:50:37,18.9300,73,2
2026-01-28,601012,13:50:40,18.9300,91,2
2026-01-28,601012,13:50:43,18.9300,116,2
2026-01-28,601012,13:50:46,18.9400,185,1
2026-01-28,601012,13:50:49,18.9400,44,1
2026-01-28,601012,13:50:52,18.9400,64,1
2026-01-28,601012,13:50:55,18.9400,54,2
2026-01-28,601012,13:50:58,18.9400,106,2
2026-01-28,601012,13:51:01,18.9400,113,1
2026-01-28,601012,13:51:04,18.9300,41,2
2026-01-28,601012,13:51:07,18.9300,154,2
2026-01-28,601012,13:51:10,18.9400,362,1
2026-01-28,601012,13:51:13,18.9400,296,1
2026-01-28,601012,13:51:16,18.9400,216,2
2026-01-28,601012,13:51:19,18.9400,69,2
2026-01-28,601012,13:51:22,18.9400,61,2
2026-01-28,601012,13:51:25,18.9400,14,2
2026-01-28,601012,13:51:28,18.9400,106,2
2026-01-28,601012,13:51:31,18.9500,42,1
2026-01-28,601012,13:51:34,18.9500,70,1
2026-01-28,601012,13:51:37,18.9500,87,1
2026-01-28,601012,13:51:40,18.9500,197,1
2026-01-28,601012,13:51:43,18.9500,160,1
2026-01-28,601012,13:51:46,18.9500,312,1
2026-01-28,601012,13:51:49,18.9500,125,4
2026-01-28,601012,13:51:52,18.9600,120,1
2026-01-28,601012,13:51:55,18.9500,64,2
2026-01-28,601012,13:51:58,18.9500,24,2
2026-01-28,601012,13:52:01,18.9500,109,2
2026-01-28,601012,13:52:04,18.9600,73,1
2026-01-28,601012,13:52:07,18.9500,162,2
2026-01-28,601012,13:52:10,18.9500,387,2
2026-01-28,601012,13:52:13,18.9400,202,2
2026-01-28,601012,13:52:16,18.9600,121,1
2026-01-28,601012,13:52:19,18.9400,19,2
2026-01-28,601012,13:52:22,18.9400,19,2
2026-01-28,601012,13:52:25,18.9500,44,1
2026-01-28,601012,13:52:28,18.9500,105,1
2026-01-28,601012,13:52:31,18.9400,1752,2
2026-01-28,601012,13:52:34,18.9400,546,1
2026-01-28,601012,13:52:37,18.9400,137,1
2026-01-28,601012,13:52:40,18.9200,10,4
2026-01-28,601012,13:52:43,18.9100,54,2
2026-01-28,601012,13:52:46,18.9300,259,1
2026-01-28,601012,13:52:49,18.9200,28,4
2026-01-28,601012,13:52:52,18.9200,91,1
2026-01-28,601012,13:52:55,18.9200,198,2
2026-01-28,601012,13:52:58,18.9200,77,2
2026-01-28,601012,13:53:01,18.9200,120,2
2026-01-28,601012,13:53:04,18.9200,19,2
2026-01-28,601012,13:53:07,18.9200,95,2
2026-01-28,601012,13:53:10,18.9300,37,1
2026-01-28,601012,13:53:13,18.9200,481,2
2026-01-28,601012,13:53:16,18.9200,163,1
2026-01-28,601012,13:53:19,18.9200,239,2
2026-01-28,601012,13:53:22,18.9200,56,1
2026-01-28,601012,13:53:25,18.9200,223,1
2026-01-28,601012,13:53:28,18.9200,107,1
2026-01-28,601012,13:53:31,18.9200,101,1
2026-01-28,601012,13:53:34,18.9200,363,1
2026-01-28,601012,13:53:37,18.9100,45,2
2026-01-28,601012,13:53:40,18.9100,132,2
2026-01-28,601012,13:53:43,18.9200,74,1
2026-01-28,601012,13:53:46,18.9100,118,2
2026-01-28,601012,13:53:49,18.9100,61,2
2026-01-28,601012,13:53:52,18.9100,191,2
2026-01-28,601012,13:53:55,18.9200,174,2
2026-01-28,601012,13:53:58,18.9100,13,2
2026-01-28,601012,13:54:01,18.9100,169,2
2026-01-28,601012,13:54:04,18.9100,200,2
2026-01-28,601012,13:54:07,18.9100,379,2
2026-01-28,601012,13:54:10,18.9000,103,2
2026-01-28,601012,13:54:13,18.9000,164,2
2026-01-28,601012,13:54:16,18.9000,418,2
2026-01-28,601012,13:54:19,18.8900,3872,2
2026-01-28,601012,13:54:22,18.8900,1140,2
2026-01-28,601012,13:54:25,18.9000,188,1
2026-01-28,601012,13:54:28,18.8900,667,2
2026-01-28,601012,13:54:31,18.8800,403,2
2026-01-28,601012,13:54:34,18.8900,129,1
2026-01-28,601012,13:54:37,18.8800,90,2
2026-01-28,601012,13:54:40,18.8900,174,1
2026-01-28,601012,13:54:43,18.8900,407,1
2026-01-28,601012,13:54:46,18.8800,163,2
2026-01-28,601012,13:54:49,18.8800,172,2
2026-01-28,601012,13:54:52,18.8900,75,1
2026-01-28,601012,13:54:55,18.8900,176,1
2026-01-28,601012,13:54:58,18.8900,226,1
2026-01-28,601012,13:55:01,18.8800,133,2
2026-01-28,601012,13:55:04,18.8900,204,1
2026-01-28,601012,13:55:07,18.8900,508,1
2026-01-28,601012,13:55:10,18.8900,354,1
2026-01-28,601012,13:55:13,18.8900,249,2
2026-01-28,601012,13:55:16,18.8900,172,2
2026-01-28,601012,13:55:19,18.8900,166,2
2026-01-28,601012,13:55:22,18.8900,117,2
2026-01-28,601012,13:55:25,18.9000,188,1
2026-01-28,601012,13:55:28,18.8900,25,2
2026-01-28,601012,13:55:31,18.8900,158,2
2026-01-28,601012,13:55:34,18.9000,161,1
2026-01-28,601012,13:55:37,18.9000,233,1
2026-01-28,601012,13:55:40,18.9000,214,1
2026-01-28,601012,13:55:43,18.8900,115,2
2026-01-28,601012,13:55:46,18.8900,122,2
2026-01-28,601012,13:55:49,18.8900,211,2
2026-01-28,601012,13:55:52,18.9000,267,1
2026-01-28,601012,13:55:55,18.8900,66,2
2026-01-28,601012,13:55:58,18.8900,172,2
2026-01-28,601012,13:56:01,18.8900,84,1
2026-01-28,601012,13:56:04,18.8900,189,2
2026-01-28,601012,13:56:07,18.9000,341,1
2026-01-28,601012,13:56:10,18.9000,846,1
2026-01-28,601012,13:56:13,18.9100,432,1
2026-01-28,601012,13:56:16,18.9100,333,1
2026-01-28,601012,13:56:19,18.9100,467,1
2026-01-28,601012,13:56:22,18.9100,298,1
2026-01-28,601012,13:56:25,18.9100,148,1
2026-01-28,601012,13:56:28,18.9100,309,2
2026-01-28,601012,13:56:31,18.9100,288,4
2026-01-28,601012,13:56:34,18.9100,339,2
2026-01-28,601012,13:56:37,18.9100,117,2
2026-01-28,601012,13:56:40,18.9100,153,1
2026-01-28,601012,13:56:43,18.9100,193,1
2026-01-28,601012,13:56:46,18.9100,86,1
2026-01-28,601012,13:56:49,18.9100,249,1
2026-01-28,601012,13:56:52,18.9100,51,2
2026-01-28,601012,13:56:55,18.9200,91,1
2026-01-28,601012,13:56:58,18.9100,14,2
2026-01-28,601012,13:57:01,18.9100,683,2
2026-01-28,601012,13:57:04,18.9100,161,1
2026-01-28,601012,13:57:07,18.9000,262,2
2026-01-28,601012,13:57:10,18.9100,176,1
2026-01-28,601012,13:57:13,18.9000,141,2
2026-01-28,601012,13:57:16,18.9000,52,2
2026-01-28,601012,13:57:19,18.9100,9,1
2026-01-28,601012,13:57:22,18.9000,148,2
2026-01-28,601012,13:57:25,18.9100,106,1
2026-01-28,601012,13:57:28,18.9100,147,1
2026-01-28,601012,13:57:31,18.9000,211,2
2026-01-28,601012,13:57:34,18.9000,132,2
2026-01-28,601012,13:57:37,18.9100,65,1
2026-01-28,601012,13:57:40,18.9000,55,2
2026-01-28,601012,13:57:43,18.9000,139,2
2026-01-28,601012,13:57:46,18.9100,205,1
2026-01-28,601012,13:57:49,18.9100,73,1
2026-01-28,601012,13:57:52,18.9100,32,1
2026-01-28,601012,13:57:55,18.9100,197,1
2026-01-28,601012,13:57:58,18.9100,78,2
2026-01-28,601012,13:58:01,18.9000,98,2
2026-01-28,601012,13:58:04,18.9100,280,1
2026-01-28,601012,13:58:07,18.9100,41,1
2026-01-28,601012,13:58:10,18.9100,33,1
2026-01-28,601012,13:58:13,18.9000,415,2
2026-01-28,601012,13:58:16,18.9000,109,2
2026-01-28,601012,13:58:19,18.9000,175,2
2026-01-28,601012,13:58:22,18.9100,81,1
2026-01-28,601012,13:58:25,18.9000,276,2
2026-01-28,601012,13:58:28,18.9000,91,2
2026-01-28,601012,13:58:31,18.9000,134,2
2026-01-28,601012,13:58:34,18.9000,157,2
2026-01-28,601012,13:58:37,18.9100,263,1
2026-01-28,601012,13:58:40,18.9000,195,2
2026-01-28,601012,13:58:43,18.9000,246,1
2026-01-28,601012,13:58:46,18.9000,80,1
2026-01-28,601012,13:58:49,18.8900,150,2
2026-01-28,601012,13:58:52,18.8900,74,2
2026-01-28,601012,13:58:55,18.8900,52,2
2026-01-28,601012,13:58:58,18.9000,49,1
2026-01-28,601012,13:59:01,18.9000,79,2
2026-01-28,601012,13:59:04,18.9100,71,1
2026-01-28,601012,13:59:07,18.9000,110,2
2026-01-28,601012,13:59:10,18.8900,111,2
2026-01-28,601012,13:59:13,18.8900,137,2
2026-01-28,601012,13:59:16,18.8900,148,2
2026-01-28,601012,13:59:19,18.8900,322,2
2026-01-28,601012,13:59:22,18.9000,159,1
2026-01-28,601012,13:59:25,18.9000,88,2
2026-01-28,601012,13:59:28,18.9000,14,1
2026-01-28,601012,13:59:31,18.8900,57,2
2026-01-28,601012,13:59:34,18.9000,397,1
2026-01-28,601012,13:59:37,18.8900,204,2
2026-01-28,601012,13:59:40,18.9000,649,1
2026-01-28,601012,13:59:43,18.8900,66,2
2026-01-28,601012,13:59:46,18.8900,29,2
2026-01-28,601012,13:59:49,18.8900,53,2
2026-01-28,601012,13:59:52,18.8900,157,2
2026-01-28,601012,13:59:55,18.8900,465,2
2026-01-28,601012,13:59:58,18.8900,230,2
2026-01-28,601012,14:00:01,18.8900,646,2
2026-01-28,601012,14:00:04,18.8900,334,2
2026-01-28,601012,14:00:07,18.8900,500,2
2026-01-28,601012,14:00:10,18.9000,222,1
2026-01-28,601012,14:00:13,18.8900,427,2
2026-01-28,601012,14:00:16,18.8900,328,2
2026-01-28,601012,14:00:19,18.8900,121,2
2026-01-28,601012,14:00:22,18.9000,77,1
2026-01-28,601012,14:00:25,18.8900,289,2
2026-01-28,601012,14:00:28,18.8900,111,2
2026-01-28,601012,14:00:31,18.8900,69,2
2026-01-28,601012,14:00:34,18.9000,1355,1
2026-01-28,601012,14:00:37,18.9000,156,2
2026-01-28,601012,14:00:40,18.9000,111,2
2026-01-28,601012,14:00:43,18.9000,390,2
2026-01-28,601012,14:00:46,18.9100,215,2
2026-01-28,601012,14:00:49,18.9200,179,1
2026-01-28,601012,14:00:52,18.9200,239,1
2026-01-28,601012,14:00:55,18.9200,154,2
2026-01-28,601012,14:00:58,18.9200,90,4
2026-01-28,601012,14:01:01,18.9100,142,2
2026-01-28,601012,14:01:04,18.9100,45,2
2026-01-28,601012,14:01:07,18.9100,147,2
2026-01-28,601012,14:01:10,18.9100,89,2
2026-01-28,601012,14:01:13,18.9200,151,1
2026-01-28,601012,14:01:16,18.9100,98,2
2026-01-28,601012,14:01:19,18.9100,82,2
2026-01-28,601012,14:01:22,18.9200,250,1
2026-01-28,601012,14:01:25,18.9100,442,2
2026-01-28,601012,14:01:28,18.9100,86,2
2026-01-28,601012,14:01:31,18.9200,57,1
2026-01-28,601012,14:01:34,18.9200,84,1
2026-01-28,601012,14:01:37,18.9200,32,1
2026-01-28,601012,14:01:40,18.9100,219,2
2026-01-28,601012,14:01:43,18.9200,150,1
2026-01-28,601012,14:01:46,18.9200,260,2
2026-01-28,601012,14:01:49,18.9200,14,1
2026-01-28,601012,14:01:52,18.9100,232,2
2026-01-28,601012,14:01:55,18.9100,564,2
2026-01-28,601012,14:01:58,18.9100,50,2
2026-01-28,601012,14:02:01,18.9100,163,1
2026-01-28,601012,14:02:04,18.9100,223,1
2026-01-28,601012,14:02:07,18.9100,48,2
2026-01-28,601012,14:02:10,18.9100,69,2
2026-01-28,601012,14:02:13,18.9100,32,2
2026-01-28,601012,14:02:16,18.9100,232,2
2026-01-28,601012,14:02:19,18.9100,42,2
2026-01-28,601012,14:02:22,18.9100,538,2
2026-01-28,601012,14:02:25,18.9100,83,1
2026-01-28,601012,14:02:28,18.9100,72,1
2026-01-28,601012,14:02:31,18.9100,32,1
2026-01-28,601012,14:02:34,18.9100,118,2
2026-01-28,601012,14:02:37,18.9100,71,2
2026-01-28,601012,14:02:40,18.9100,80,2
2026-01-28,601012,14:02:43,18.9100,112,2
2026-01-28,601012,14:02:46,18.9100,168,2
2026-01-28,601012,14:02:49,18.9200,142,1
2026-01-28,601012,14:02:52,18.9100,35,2
2026-01-28,601012,14:02:55,18.9200,87,1
2026-01-28,601012,14:02:58,18.9200,61,1
2026-01-28,601012,14:03:01,18.9100,119,2
2026-01-28,601012,14:03:04,18.9200,41,1
2026-01-28,601012,14:03:07,18.9200,11,1
2026-01-28,601012,14:03:10,18.9100,87,2
2026-01-28,601012,14:03:13,18.9100,34,2
2026-01-28,601012,14:03:16,18.9100,107,2
2026-01-28,601012,14:03:19,18.9100,986,2
2026-01-28,601012,14:03:22,18.9100,352,2
2026-01-28,601012,14:03:25,18.9100,356,2
2026-01-28,601012,14:03:28,18.9100,334,2
2026-01-28,601012,14:03:31,18.9000,121,2
2026-01-28,601012,14:03:34,18.9100,45,1
2026-01-28,601012,14:03:37,18.9000,50,2
2026-01-28,601012,14:03:40,18.9000,168,2
2026-01-28,601012,14:03:43,18.9100,3,1
2026-01-28,601012,14:03:46,18.9100,90,1
2026-01-28,601012,14:03:49,18.9100,70,1
2026-01-28,601012,14:03:52,18.9000,88,2
2026-01-28,601012,14:03:55,18.9100,291,1
2026-01-28,601012,14:03:58,18.9000,162,2
2026-01-28,601012,14:04:01,18.9100,36,1
2026-01-28,601012,14:04:04,18.9100,213,1
2026-01-28,601012,14:04:07,18.9000,319,2
2026-01-28,601012,14:04:10,18.9100,163,1
2026-01-28,601012,14:04:13,18.9100,49,1
2026-01-28,601012,14:04:16,18.9100,357,1
2026-01-28,601012,14:04:19,18.9100,234,1
2026-01-28,601012,14:04:22,18.9000,182,2
2026-01-28,601012,14:04:25,18.9100,192,1
2026-01-28,601012,14:04:28,18.9000,122,2
2026-01-28,601012,14:04:31,18.9100,281,1
2026-01-28,601012,14:04:34,18.9000,1006,2
2026-01-28,601012,14:04:37,18.9000,541,2
2026-01-28,601012,14:04:40,18.8900,97,2
2026-01-28,601012,14:04:43,18.8900,1059,2
2026-01-28,601012,14:04:46,18.9000,417,1
2026-01-28,601012,14:04:49,18.9000,1098,1
2026-01-28,601012,14:04:52,18.8900,67,2
2026-01-28,601012,14:04:55,18.9000,224,1
2026-01-28,601012,14:04:58,18.9000,80,2
2026-01-28,601012,14:05:01,18.9000,337,1
2026-01-28,601012,14:05:04,18.9000,93,1
2026-01-28,601012,14:05:07,18.8900,116,2
2026-01-28,601012,14:05:10,18.9000,381,1
2026-01-28,601012,14:05:13,18.9000,112,2
2026-01-28,601012,14:05:16,18.9000,28,1
2026-01-28,601012,14:05:19,18.9100,131,1
2026-01-28,601012,14:05:22,18.9000,36,2
2026-01-28,601012,14:05:25,18.9000,80,2
2026-01-28,601012,14:05:28,18.9000,44,2
2026-01-28,601012,14:05:31,18.9000,373,2
2026-01-28,601012,14:05:34,18.9000,790,1
2026-01-28,601012,14:05:37,18.9000,112,2
2026-01-28,601012,14:05:40,18.9000,363,2
2026-01-28,601012,14:05:43,18.9000,39,2
2026-01-28,601012,14:05:46,18.9100,128,1
2026-01-28,601012,14:05:49,18.9000,132,2
2026-01-28,601012,14:05:52,18.9100,189,1
2026-01-28,601012,14:05:55,18.9100,62,2
2026-01-28,601012,14:05:58,18.9100,49,2
2026-01-28,601012,14:06:01,18.9100,351,2
2026-01-28,601012,14:06:04,18.9000,144,2
2026-01-28,601012,14:06:07,18.9000,95,2
2026-01-28,601012,14:06:10,18.9100,308,1
2026-01-28,601012,14:06:13,18.9100,146,1
2026-01-28,601012,14:06:16,18.9100,21,1
2026-01-28,601012,14:06:19,18.9100,96,1
2026-01-28,601012,14:06:22,18.9100,67,1
2026-01-28,601012,14:06:25,18.9100,75,1
2026-01-28,601012,14:06:28,18.9100,167,1
2026-01-28,601012,14:06:31,18.9000,124,2
2026-01-28,601012,14:06:34,18.9100,295,1
2026-01-28,601012,14:06:37,18.9000,406,2
2026-01-28,601012,14:06:40,18.9100,150,1
2026-01-28,601012,14:06:43,18.9000,79,2
2026-01-28,601012,14:06:46,18.9100,146,1
2026-01-28,601012,14:06:49,18.9000,191,2
2026-01-28,601012,14:06:52,18.9100,109,1
2026-01-28,601012,14:06:55,18.9000,229,2
2026-01-28,601012,14:06:58,18.9000,810,2
2026-01-28,601012,14:07:01,18.8900,826,2
2026-01-28,601012,14:07:04,18.8900,188,2
2026-01-28,601012,10:57:10,18.8700,174,2
2026-01-28,601012,10:57:13,18.8800,246,1
2026-01-28,601012,10:57:16,18.8700,249,2
2026-01-28,601012,10:57:19,18.8800,283,1
2026-01-28,601012,10:57:22,18.8700,239,2
2026-01-28,601012,10:57:25,18.8600,226,2
2026-01-28,601012,10:57:28,18.8700,353,1
2026-01-28,601012,10:57:31,18.8700,449,1
2026-01-28,601012,10:57:34,18.8700,413,2
2026-01-28,601012,10:57:37,18.8700,291,1
2026-01-28,601012,10:57:40,18.8700,350,1
2026-01-28,601012,10:57:43,18.8700,273,1
2026-01-28,601012,10:57:46,18.8700,334,2
2026-01-28,601012,10:57:49,18.8700,76,1
2026-01-28,601012,10:57:52,18.8700,1348,1
2026-01-28,601012,10:57:55,18.8900,617,1
2026-01-28,601012,10:57:58,18.8800,708,1
2026-01-28,601012,10:58:01,18.8800,125,2
2026-01-28,601012,10:58:04,18.8700,208,2
2026-01-28,601012,10:58:07,18.8800,181,4
2026-01-28,601012,10:58:10,18.8700,187,2
2026-01-28,601012,10:58:13,18.8800,258,1
2026-01-28,601012,10:58:16,18.8700,411,2
2026-01-28,601012,10:58:19,18.8700,95,2
2026-01-28,601012,10:58:22,18.8700,233,2
2026-01-28,601012,10:58:25,18.8700,438,2
2026-01-28,601012,10:58:28,18.8800,440,1
2026-01-28,601012,10:58:31,18.8600,371,2
2026-01-28,601012,10:58:34,18.8600,400,2
2026-01-28,601012,10:58:37,18.8600,336,2
2026-01-28,601012,10:58:40,18.8800,181,1
2026-01-28,601012,10:58:43,18.8800,569,1
2026-01-28,601012,10:58:46,18.8700,205,2
2026-01-28,601012,10:58:49,18.8700,456,2
2026-01-28,601012,10:58:52,18.8700,758,1
2026-01-28,601012,10:58:55,18.8700,170,1
2026-01-28,601012,10:58:58,18.8700,247,1
2026-01-28,601012,10:59:01,18.8700,223,1
2026-01-28,601012,10:59:04,18.8800,8,1
2026-01-28,601012,10:59:07,18.8800,189,1
2026-01-28,601012,10:59:10,18.8700,391,2
2026-01-28,601012,10:59:13,18.8700,222,2
2026-01-28,601012,10:59:16,18.8600,510,2
2026-01-28,601012,10:59:19,18.8600,312,2
2026-01-28,601012,10:59:22,18.8600,88,2
2026-01-28,601012,10:59:25,18.8700,806,1
2026-01-28,601012,10:59:28,18.8600,249,2
2026-01-28,601012,10:59:31,18.8600,508,2
2026-01-28,601012,10:59:34,18.8600,434,2
2026-01-28,601012,10:59:37,18.8600,349,2
2026-01-28,601012,10:59:40,18.8600,340,2
2026-01-28,601012,10:59:43,18.8600,658,2
2026-01-28,601012,10:59:46,18.8600,583,2
2026-01-28,601012,10:59:49,18.8600,533,2
2026-01-28,601012,10:59:52,18.8500,172,2
2026-01-28,601012,10:59:55,18.8600,1065,1
2026-01-28,601012,10:59:58,18.8600,152,1
2026-01-28,601012,11:00:01,18.8500,756,2
2026-01-28,601012,11:00:04,18.8500,590,2
2026-01-28,601012,11:00:07,18.8500,400,2
2026-01-28,601012,11:00:10,18.8600,614,1
2026-01-28,601012,11:00:13,18.8600,327,1
2026-01-28,601012,11:00:16,18.8500,463,2
2026-01-28,601012,11:00:19,18.8600,528,1
2026-01-28,601012,11:00:22,18.8600,136,1
2026-01-28,601012,11:00:25,18.8500,1199,2
2026-01-28,601012,11:00:28,18.8600,683,1
2026-01-28,601012,11:00:31,18.8600,878,1
2026-01-28,601012,11:00:34,18.8500,414,2
2026-01-28,601012,11:00:37,18.8500,542,2
2026-01-28,601012,11:00:40,18.8500,392,2
2026-01-28,601012,11:00:43,18.8500,956,2
2026-01-28,601012,11:00:46,18.8400,541,2
2026-01-28,601012,11:00:49,18.8500,507,1
2026-01-28,601012,11:00:52,18.8500,456,1
2026-01-28,601012,11:00:55,18.8600,355,1
2026-01-28,601012,11:00:58,18.8500,460,2
2026-01-28,601012,11:01:01,18.8500,464,2
2026-01-28,601012,11:01:04,18.8600,341,1
2026-01-28,601012,11:01:07,18.8500,378,2
2026-01-28,601012,11:01:10,18.8600,496,1
2026-01-28,601012,11:01:13,18.8400,459,2
2026-01-28,601012,11:01:16,18.8500,300,2
2026-01-28,601012,11:01:19,18.8600,353,1
2026-01-28,601012,11:01:22,18.8600,179,1
2026-01-28,601012,11:01:25,18.8500,504,2
2026-01-28,601012,11:01:28,18.8500,280,2
2026-01-28,601012,11:01:31,18.8500,488,2
2026-01-28,601012,11:01:34,18.8500,447,2
2026-01-28,601012,11:01:37,18.8500,459,2
2026-01-28,601012,11:01:40,18.8600,414,1
2026-01-28,601012,11:01:43,18.8400,434,2
2026-01-28,601012,11:01:46,18.8400,640,2
2026-01-28,601012,11:01:49,18.8500,2177,1
2026-01-28,601012,11:01:52,18.8500,417,2
2026-01-28,601012,11:01:55,18.8400,306,2
2026-01-28,601012,11:01:58,18.8500,266,1
2026-01-28,601012,11:02:01,18.8400,387,2
2026-01-28,601012,11:02:04,18.8500,341,1
2026-01-28,601012,11:02:07,18.8600,441,1
2026-01-28,601012,11:02:10,18.8600,388,1
2026-01-28,601012,11:02:13,18.8600,99,2
2026-01-28,601012,11:02:16,18.8800,140,1
2026-01-28,601012,11:02:19,18.8600,152,2
2026-01-28,601012,11:02:22,18.8700,183,2
2026-01-28,601012,11:02:25,18.8700,93,2
2026-01-28,601012,11:02:28,18.8700,192,2
2026-01-28,601012,11:02:31,18.8700,293,1
2026-01-28,601012,11:02:34,18.8600,397,2
2026-01-28,601012,11:02:37,18.8600,232,2
2026-01-28,601012,11:02:40,18.8600,543,2
2026-01-28,601012,11:02:43,18.8600,473,2
2026-01-28,601012,11:02:46,18.8600,534,1
2026-01-28,601012,11:02:49,18.8600,267,1
2026-01-28,601012,11:02:52,18.8600,301,1
2026-01-28,601012,11:02:55,18.8600,307,2
2026-01-28,601012,11:02:58,18.8600,486,2
2026-01-28,601012,11:03:01,18.8700,505,1
2026-01-28,601012,11:03:04,18.8700,366,1
2026-01-28,601012,11:03:07,18.8700,618,1
2026-01-28,601012,11:03:10,18.8700,137,1
2026-01-28,601012,11:03:13,18.8700,326,1
2026-01-28,601012,11:03:16,18.8700,119,1
2026-01-28,601012,11:03:19,18.8700,150,2
2026-01-28,601012,11:03:22,18.8800,146,1
2026-01-28,601012,11:03:25,18.8800,251,1
2026-01-28,601012,11:03:28,18.8800,250,1
2026-01-28,601012,11:03:31,18.8800,195,1
2026-01-28,601012,11:03:34,18.8700,591,2
2026-01-28,601012,11:03:37,18.8700,638,1
2026-01-28,601012,11:03:40,18.8600,339,2
2026-01-28,601012,11:03:43,18.8700,296,1
2026-01-28,601012,11:03:46,18.8700,274,1
2026-01-28,601012,11:03:49,18.8700,242,1
2026-01-28,601012,11:03:52,18.8700,1171,2
2026-01-28,601012,11:03:55,18.8800,184,1
2026-01-28,601012,11:03:58,18.8800,72,2
2026-01-28,601012,11:04:01,18.8800,104,1
2026-01-28,601012,11:04:04,18.8900,78,1
2026-01-28,601012,11:04:07,18.8800,94,2
2026-01-28,601012,11:04:10,18.9000,258,1
2026-01-28,601012,11:04:13,18.9000,126,1
2026-01-28,601012,11:04:16,18.9000,101,1
2026-01-28,601012,11:04:19,18.9000,806,1
2026-01-28,601012,11:04:22,18.9000,304,1
2026-01-28,601012,11:04:25,18.9000,348,1
2026-01-28,601012,11:04:28,18.9000,361,1
2026-01-28,601012,11:04:31,18.8900,858,2
2026-01-28,601012,11:04:34,18.8900,548,1
2026-01-28,601012,11:04:37,18.8900,1470,1
2026-01-28,601012,11:04:40,18.8900,101,1
2026-01-28,601012,11:04:43,18.8900,303,2
2026-01-28,601012,11:04:46,18.8900,1373,2
2026-01-28,601012,11:04:49,18.8900,642,1
2026-01-28,601012,11:04:52,18.8900,272,1
2026-01-28,601012,11:04:55,18.8900,142,1
2026-01-28,601012,11:04:58,18.8900,259,1
2026-01-28,601012,11:05:01,18.8800,135,2
2026-01-28,601012,11:05:04,18.8900,158,1
2026-01-28,601012,11:05:07,18.8900,86,2
2026-01-28,601012,11:05:10,18.8900,275,2
2026-01-28,601012,11:05:13,18.8700,1614,2
2026-01-28,601012,11:05:16,18.8700,274,1
2026-01-28,601012,11:05:19,18.8600,330,2
2026-01-28,601012,11:05:22,18.8700,148,1
2026-01-28,601012,11:05:25,18.8700,466,1
2026-01-28,601012,11:05:28,18.8700,144,1
2026-01-28,601012,11:05:31,18.8700,228,1
2026-01-28,601012,11:05:34,18.8700,66,1
2026-01-28,601012,11:05:37,18.8700,68,1
2026-01-28,601012,11:05:40,18.8700,120,2
2026-01-28,601012,11:05:43,18.8700,280,2
2026-01-28,601012,11:05:46,18.8800,57,1
2026-01-28,601012,11:05:49,18.8600,93,2
2026-01-28,601012,11:05:52,18.8700,513,1
2026-01-28,601012,11:05:55,18.8700,635,2
2026-01-28,601012,11:05:58,18.8700,171,2
2026-01-28,601012,11:06:01,18.8700,30,1
2026-01-28,601012,11:06:04,18.8600,54,2
2026-01-28,601012,11:06:07,18.8600,328,2
2026-01-28,601012,11:06:10,18.8700,450,1
2026-01-28,601012,11:06:13,18.8800,14,1
2026-01-28,601012,11:06:16,18.8700,214,2
2026-01-28,601012,11:06:19,18.8800,63,1
2026-01-28,601012,11:06:22,18.8700,127,2
2026-01-28,601012,11:06:25,18.8800,506,1
2026-01-28,601012,11:06:28,18.8700,260,2
2026-01-28,601012,11:06:31,18.8800,394,1
2026-01-28,601012,11:06:34,18.8800,188,2
2026-01-28,601012,11:06:37,18.8800,264,1
2026-01-28,601012,11:06:40,18.8800,172,1
2026-01-28,601012,11:06:43,18.8800,114,1
2026-01-28,601012,11:06:46,18.8800,412,1
2026-01-28,601012,11:06:49,18.8900,95,1
2026-01-28,601012,11:06:52,18.8800,77,2
2026-01-28,601012,11:06:55,18.8900,176,1
2026-01-28,601012,11:06:58,18.8900,53,1
2026-01-28,601012,11:07:01,18.8800,159,2
2026-01-28,601012,11:07:04,18.8800,198,2
2026-01-28,601012,11:07:07,18.8800,363,2
2026-01-28,601012,11:07:10,18.8800,1926,2
2026-01-28,601012,11:07:13,18.8700,1305,2
2026-01-28,601012,11:07:16,18.8600,1893,2
2026-01-28,601012,11:07:19,18.8600,133,1
2026-01-28,601012,11:07:22,18.8600,137,1
2026-01-28,601012,11:07:25,18.8600,202,1
2026-01-28,601012,11:07:28,18.8600,113,2
2026-01-28,601012,11:07:31,18.8600,182,2
2026-01-28,601012,11:07:34,18.8700,47,1
2026-01-28,601012,11:07:37,18.8700,127,1
2026-01-28,601012,11:07:40,18.8600,83,2
2026-01-28,601012,11:07:43,18.8700,36,1
2026-01-28,601012,11:07:46,18.8700,92,1
2026-01-28,601012,11:07:49,18.8700,175,1
2026-01-28,601012,11:07:52,18.8700,73,2
2026-01-28,601012,11:07:55,18.8700,39,2
2026-01-28,601012,11:07:58,18.8700,57,2
2026-01-28,601012,11:08:01,18.8800,203,1
2026-01-28,601012,11:08:04,18.8800,290,1
2026-01-28,601012,11:08:07,18.8800,169,1
2026-01-28,601012,11:08:10,18.8800,136,2
2026-01-28,601012,11:08:13,18.8800,93,2
2026-01-28,601012,11:08:16,18.8800,259,2
2026-01-28,601012,11:08:19,18.8800,203,2
2026-01-28,601012,11:08:22,18.8900,144,1
2026-01-28,601012,11:08:25,18.8800,272,2
2026-01-28,601012,11:08:28,18.8800,181,1
2026-01-28,601012,11:08:31,18.8800,159,1
2026-01-28,601012,11:08:34,18.8800,82,2
2026-01-28,601012,11:08:37,18.8900,71,1
2026-01-28,601012,11:08:40,18.8900,301,1
2026-01-28,601012,11:08:43,18.8900,26,2
2026-01-28,601012,11:08:46,18.9000,30,1
2026-01-28,601012,11:08:49,18.8900,220,2
2026-01-28,601012,11:08:52,18.9000,208,1
2026-01-28,601012,11:08:55,18.9000,253,1
2026-01-28,601012,11:08:58,18.9000,308,1
2026-01-28,601012,11:09:01,18.9000,826,2
2026-01-28,601012,11:09:04,18.9100,778,1
2026-01-28,601012,11:09:07,18.9000,629,2
2026-01-28,601012,11:09:10,18.9000,370,2
2026-01-28,601012,11:09:13,18.9100,665,1
2026-01-28,601012,11:09:16,18.9100,223,2
2026-01-28,601012,11:09:19,18.9100,197,1
2026-01-28,601012,11:09:22,18.9100,426,1
2026-01-28,601012,11:09:25,18.9000,266,2
2026-01-28,601012,11:09:28,18.9100,206,1
2026-01-28,601012,11:09:31,18.9100,147,1
2026-01-28,601012,11:09:34,18.9100,665,1
2026-01-28,601012,11:09:37,18.9200,11,1
2026-01-28,601012,11:09:40,18.9200,25,1
2026-01-28,601012,11:09:43,18.9200,156,1
2026-01-28,601012,11:09:46,18.9200,175,1
2026-01-28,601012,11:09:49,18.9200,336,1
2026-01-28,601012,11:09:52,18.9200,719,2
2026-01-28,601012,11:09:55,18.9000,2641,2
2026-01-28,601012,11:09:58,18.9100,451,1
2026-01-28,601012,11:10:01,18.9100,259,2
2026-01-28,601012,11:10:04,18.9100,521,1
2026-01-28,601012,11:10:07,18.9100,101,1
2026-01-28,601012,11:10:10,18.9000,461,2
2026-01-28,601012,11:10:13,18.9100,158,1
2026-01-28,601012,11:10:16,18.9000,346,2
2026-01-28,601012,11:10:19,18.9100,189,4
2026-01-28,601012,11:10:22,18.9100,256,1
2026-01-28,601012,11:10:25,18.9100,167,1
2026-01-28,601012,11:10:28,18.9100,134,1
2026-01-28,601012,11:10:31,18.9100,117,1
2026-01-28,601012,11:10:34,18.9200,125,1
2026-01-28,601012,11:10:37,18.9100,83,2
2026-01-28,601012,11:10:40,18.9100,761,2
2026-01-28,601012,11:10:43,18.9200,170,1
2026-01-28,601012,11:10:46,18.9200,200,1
2026-01-28,601012,11:10:49,18.9100,75,2
2026-01-28,601012,11:10:52,18.9200,99,1
2026-01-28,601012,11:10:55,18.9200,89,1
2026-01-28,601012,11:10:58,18.9200,188,1
2026-01-28,601012,11:11:01,18.9200,124,1
2026-01-28,601012,11:11:04,18.9200,187,1
2026-01-28,601012,11:11:07,18.9200,326,1
2026-01-28,601012,11:11:10,18.9100,510,2
2026-01-28,601012,11:11:13,18.9100,388,1
2026-01-28,601012,11:11:16,18.9100,189,1
2026-01-28,601012,11:11:19,18.9000,163,2
2026-01-28,601012,11:11:22,18.9100,215,2
2026-01-28,601012,11:11:25,18.9100,98,1
2026-01-28,601012,11:11:28,18.9100,195,1
2026-01-28,601012,11:11:31,18.9100,124,1
2026-01-28,601012,11:11:34,18.9100,182,1
2026-01-28,601012,11:11:37,18.9100,18,1
2026-01-28,601012,11:11:40,18.9100,161,1
2026-01-28,601012,11:11:43,18.9100,96,1
2026-01-28,601012,11:11:46,18.9100,227,1
2026-01-28,601012,11:11:49,18.9100,461,2
2026-01-28,601012,11:11:52,18.9100,143,1
2026-01-28,601012,11:11:55,18.9200,269,1
2026-01-28,601012,11:11:58,18.9100,48,2
2026-01-28,601012,11:12:01,18.9100,34,2
2026-01-28,601012,11:12:04,18.9100,79,2
2026-01-28,601012,11:12:07,18.9100,65,2
2026-01-28,601012,11:12:10,18.9200,70,1
2026-01-28,601012,11:12:13,18.9100,212,2
2026-01-28,601012,11:12:16,18.9200,213,1
2026-01-28,601012,11:12:19,18.9100,174,2
2026-01-28,601012,11:12:22,18.9200,97,1
2026-01-28,601012,11:12:25,18.9100,175,2
2026-01-28,601012,11:12:28,18.9100,140,2
2026-01-28,601012,11:12:31,18.9200,293,1
2026-01-28,601012,11:12:34,18.9200,71,1
2026-01-28,601012,11:12:37,18.9200,214,1
2026-01-28,601012,11:12:40,18.9200,132,1
2026-01-28,601012,11:12:43,18.9200,66,1
2026-01-28,601012,11:12:46,18.9200,317,1
2026-01-28,601012,11:12:49,18.9100,365,2
2026-01-28,601012,11:12:52,18.9200,148,1
2026-01-28,601012,11:12:55,18.9200,261,1
2026-01-28,601012,11:12:58,18.9200,297,2
2026-01-28,601012,11:13:01,18.9300,142,1
2026-01-28,601012,11:13:04,18.9200,57,2
2026-01-28,601012,11:13:07,18.9300,448,1
2026-01-28,601012,11:13:10,18.9300,137,2
2026-01-28,601012,11:13:13,18.9400,66,1
2026-01-28,601012,11:13:16,18.9400,458,1
2026-01-28,601012,11:13:19,18.9400,373,1
2026-01-28,601012,11:13:22,18.9300,294,2
2026-01-28,601012,11:13:25,18.9400,260,1
2026-01-28,601012,11:13:28,18.9400,254,1
2026-01-28,601012,11:13:31,18.9400,445,1
2026-01-28,601012,11:13:34,18.9400,163,1
2026-01-28,601012,11:13:37,18.9400,170,1
2026-01-28,601012,11:13:40,18.9400,438,1
2026-01-28,601012,11:13:43,18.9500,351,1
2026-01-28,601012,11:13:46,18.9500,312,1
2026-01-28,601012,11:13:49,18.9400,214,2
2026-01-28,601012,11:13:52,18.9500,183,1
2026-01-28,601012,11:13:55,18.9500,193,1
2026-01-28,601012,11:13:58,18.9400,178,2
2026-01-28,601012,11:14:01,18.9400,215,2
2026-01-28,601012,11:14:04,18.9500,636,1
2026-01-28,601012,11:14:07,18.9500,84,1
2026-01-28,601012,11:14:10,18.9500,117,1
2026-01-28,601012,11:14:13,18.9500,42,2
2026-01-28,601012,11:14:16,18.9600,101,1
2026-01-28,601012,11:14:19,18.9600,274,1
2026-01-28,601012,11:14:22,18.9600,173,1
2026-01-28,601012,11:14:25,18.9600,168,2
2026-01-28,601012,11:14:28,18.9600,203,1
2026-01-28,601012,11:14:31,18.9600,310,1
2026-01-28,601012,11:14:34,18.9600,622,1
2026-01-28,601012,11:14:37,18.9500,250,2
2026-01-28,601012,11:14:40,18.9500,314,2
2026-01-28,601012,11:14:43,18.9500,61,2
2026-01-28,601012,11:14:46,18.9600,409,1
2026-01-28,601012,11:14:49,18.9600,62,2
2026-01-28,601012,11:14:52,18.9500,306,2
2026-01-28,601012,11:14:55,18.9500,590,2
2026-01-28,601012,11:14:58,18.9500,1468,2
2026-01-28,601012,11:15:01,18.9600,665,1
2026-01-28,601012,11:15:04,18.9500,395,2
2026-01-28,601012,11:15:07,18.9600,336,1
2026-01-28,601012,11:15:10,18.9600,94,1
2026-01-28,601012,11:15:13,18.9600,223,1
2026-01-28,601012,11:15:16,18.9600,202,1
2026-01-28,601012,11:15:19,18.9600,108,2
2026-01-28,601012,11:15:22,18.9600,151,2
2026-01-28,601012,11:15:25,18.9700,170,1
2026-01-28,601012,11:15:28,18.9600,189,2
2026-01-28,601012,11:15:31,18.9600,131,2
2026-01-28,601012,11:15:34,18.9600,206,1
2026-01-28,601012,11:15:37,18.9500,124,2
2026-01-28,601012,11:15:40,18.9600,171,1
2026-01-28,601012,11:15:43,18.9500,71,2
2026-01-28,601012,11:15:46,18.9600,258,1
2026-01-28,601012,11:15:49,18.9500,624,2
2026-01-28,601012,11:15:52,18.9600,396,1
2026-01-28,601012,11:15:55,18.9600,62,1
2026-01-28,601012,11:15:58,18.9600,312,1
2026-01-28,601012,11:16:01,18.9600,175,2
2026-01-28,601012,11:16:04,18.9600,63,2
2026-01-28,601012,11:16:07,18.9700,62,1
2026-01-28,601012,11:16:10,18.9700,1132,1
2026-01-28,601012,11:16:13,18.9700,110,4
2026-01-28,601012,11:16:16,18.9800,43,1
2026-01-28,601012,11:16:19,18.9600,1209,2
2026-01-28,601012,11:16:22,18.9500,287,2
2026-01-28,601012,11:16:25,18.9500,505,2
2026-01-28,601012,11:16:28,18.9500,188,2
2026-01-28,601012,11:16:31,18.9600,254,1
2026-01-28,601012,11:16:34,18.9600,294,1
2026-01-28,601012,11:16:37,18.9600,109,1
2026-01-28,601012,11:16:40,18.9600,25,2
2026-01-28,601012,11:16:43,18.9700,87,1
2026-01-28,601012,11:16:46,18.9500,406,2
2026-01-28,601012,11:16:49,18.9500,84,2
2026-01-28,601012,11:16:52,18.9600,146,1
2026-01-28,601012,11:16:55,18.9600,164,1
2026-01-28,601012,11:16:58,18.9600,150,1
2026-01-28,601012,11:17:01,18.9600,199,2
2026-01-28,601012,11:17:04,18.9600,180,2
2026-01-28,601012,11:17:07,18.9700,199,1
2026-01-28,601012,11:17:10,18.9600,243,2
2026-01-28,601012,11:17:13,18.9700,214,1
2026-01-28,601012,11:17:16,18.9700,77,2
2026-01-28,601012,11:17:19,18.9600,208,2
2026-01-28,601012,11:17:22,18.9600,252,2
2026-01-28,601012,11:17:25,18.9700,182,4
2026-01-28,601012,11:17:28,18.9700,115,2
2026-01-28,601012,11:17:31,18.9800,214,1
2026-01-28,601012,11:17:34,18.9800,1070,1
2026-01-28,601012,11:17:37,18.9800,493,1
2026-01-28,601012,11:17:40,18.9800,183,1
2026-01-28,601012,11:17:43,18.9800,69,2
2026-01-28,601012,11:17:46,18.9800,135,2
2026-01-28,601012,11:17:49,18.9900,47,1
2026-01-28,601012,11:17:52,18.9900,252,1
2026-01-28,601012,11:17:55,18.9900,907,1
2026-01-28,601012,11:17:58,19.0000,55,1
2026-01-28,601012,11:18:01,19.0000,243,1
2026-01-28,601012,11:18:04,19.0000,219,1
2026-01-28,601012,11:18:07,18.9900,232,2
2026-01-28,601012,11:18:10,19.0000,215,1
2026-01-28,601012,11:18:13,19.0000,331,1
2026-01-28,601012,11:18:16,19.0000,458,1
2026-01-28,601012,11:18:19,19.0000,448,1
2026-01-28,601012,11:18:22,18.9800,1464,2
2026-01-28,601012,11:18:25,18.9700,219,2
2026-01-28,601012,11:18:28,18.9700,128,2
2026-01-28,601012,11:18:31,18.9800,70,1
2026-01-28,601012,11:18:34,18.9800,162,1
2026-01-28,601012,11:18:37,18.9700,150,2
2026-01-28,601012,11:18:40,18.9800,218,1
2026-01-28,601012,11:18:43,18.9800,123,1
2026-01-28,601012,11:18:46,18.9800,123,1
2026-01-28,601012,11:18:49,18.9800,221,1
2026-01-28,601012,11:18:52,18.9800,416,1
2026-01-28,601012,11:18:55,18.9800,116,1
2026-01-28,601012,11:18:58,18.9800,816,1
2026-01-28,601012,11:19:01,18.9700,483,2
2026-01-28,601012,11:19:04,18.9700,56,1
2026-01-28,601012,11:19:07,18.9600,170,2
2026-01-28,601012,11:19:10,18.9600,194,2
2026-01-28,601012,11:19:13,18.9600,53,2
2026-01-28,601012,11:19:16,18.9600,412,2
2026-01-28,601012,11:19:19,18.9700,83,1
2026-01-28,601012,11:19:22,18.9700,44,1
2026-01-28,601012,11:19:25,18.9600,138,2
2026-01-28,601012,11:19:28,18.9600,66,2
2026-01-28,601012,11:19:31,18.9700,1421,1
