date,code,time,price,volume,bs
2026-03-04,601012,14:07:07,17.7100,69,1
2026-03-04,601012,14:07:10,17.7100,85,1
2026-03-04,601012,14:07:13,17.7000,129,2
2026-03-04,601012,14:07:16,17.7000,120,2
2026-03-04,601012,14:07:19,17.7000,65,2
2026-03-04,601012,14:07:22,17.7100,10,1
2026-03-04,601012,14:07:25,17.7100,31,1
2026-03-04,601012,14:07:28,17.7100,138,1
2026-03-04,601012,14:07:31,17.7000,101,2
2026-03-04,601012,14:07:34,17.7000,94,2
2026-03-04,601012,14:07:37,17.7100,25,1
2026-03-04,601012,14:07:40,17.7100,121,1
2026-03-04,601012,14:07:43,17.7000,67,2
2026-03-04,601012,14:07:46,17.7100,15,1
2026-03-04,601012,14:07:49,17.7100,96,1
2026-03-04,601012,14:07:52,17.7100,77,1
2026-03-04,601012,14:07:55,17.7100,67,1
2026-03-04,601012,14:07:58,17.7100,29,1
2026-03-04,601012,14:08:01,17.7100,270,1
2026-03-04,601012,14:08:04,17.7100,35,1
2026-03-04,601012,14:08:07,17.7100,74,1
2026-03-04,601012,14:08:10,17.7000,42,2
2026-03-04,601012,14:08:13,17.7000,93,2
2026-03-04,601012,14:08:16,17.7000,77,2
2026-03-04,601012,14:08:19,17.7000,2218,2
2026-03-04,601012,14:08:22,17.7100,1201,1
2026-03-04,601012,14:08:25,17.7000,211,2
2026-03-04,601012,14:08:28,17.7000,152,2
2026-03-04,601012,14:08:31,17.7000,214,2
2026-03-04,601012,14:08:34,17.7000,249,2
2026-03-04,601012,14:08:37,17.7000,64,2
2026-03-04,601012,14:08:40,17.7000,320,2
2026-03-04,601012,14:08:43,17.7100,70,1
2026-03-04,601012,14:08:46,17.7000,231,2
2026-03-04,601012,14:08:49,17.7000,156,1
2026-03-04,601012,14:08:52,17.6900,359,2
2026-03-04,601012,14:08:55,17.6900,7,2
2026-03-04,601012,14:08:58,17.6900,65,2
2026-03-04,601012,14:09:01,17.6900,136,2
2026-03-04,601012,14:09:04,17.7000,322,1
2026-03-04,601012,14:09:07,17.7100,12,1
2026-03-04,601012,14:09:10,17.7000,31,2
2026-03-04,601012,14:09:13,17.6900,222,2
2026-03-04,601012,14:09:16,17.7000,62,1
2026-03-04,601012,14:09:19,17.7000,38,1
2026-03-04,601012,14:09:22,17.7000,49,1
2026-03-04,601012,14:09:25,17.7000,40,1
2026-03-04,601012,14:09:28,17.7000,90,1
2026-03-04,601012,14:09:31,17.7000,61,1
2026-03-04,601012,14:09:34,17.6900,112,2
2026-03-04,601012,14:09:37,17.7000,15,1
2026-03-04,601012,14:09:40,17.7000,117,1
2026-03-04,601012,14:09:43,17.7000,57,1
2026-03-04,601012,14:09:46,17.7000,40,1
2026-03-04,601012,14:09:49,17.6900,149,2
2026-03-04,601012,14:09:52,17.7000,146,1
2026-03-04,601012,14:09:55,17.7000,1278,1
2026-03-04,601012,14:09:58,17.7000,13,1
2026-03-04,601012,14:10:01,17.7000,66,1
2026-03-04,601012,14:10:04,17.6900,152,2
2026-03-04,601012,14:10:07,17.7000,41,1
2026-03-04,601012,14:10:10,17.7000,872,2
2026-03-04,601012,14:10:13,17.6900,169,2
2026-03-04,601012,14:10:16,17.6900,75,4
2026-03-04,601012,14:10:19,17.6800,76,2
2026-03-04,601012,14:10:22,17.6900,52,1
2026-03-04,601012,14:10:25,17.6900,101,1
2026-03-04,601012,14:10:28,17.6800,16,2
2026-03-04,601012,14:10:31,17.6800,176,2
2026-03-04,601012,14:10:34,17.6900,118,1
2026-03-04,601012,14:10:37,17.6900,151,1
2026-03-04,601012,14:10:40,17.6900,174,1
2026-03-04,601012,14:10:43,17.6900,51,1
2026-03-04,601012,14:10:46,17.6800,62,2
2026-03-04,601012,14:10:49,17.6800,376,2
2026-03-04,601012,14:10:52,17.6800,1133,2
2026-03-04,601012,14:10:55,17.6800,186,2
2026-03-04,601012,14:10:58,17.6900,116,1
2026-03-04,601012,14:11:01,17.6900,766,1
2026-03-04,601012,14:11:04,17.6900,113,1
2026-03-04,601012,14:11:07,17.6800,97,2
2026-03-04,601012,14:11:10,17.6900,98,1
2026-03-04,601012,14:11:13,17.6800,94,2
2026-03-04,601012,14:11:16,17.6700,45,2
2026-03-04,601012,14:11:19,17.6800,50,1
2026-03-04,601012,14:11:22,17.6800,320,1
2026-03-04,601012,14:11:25,17.6700,58,2
2026-03-04,601012,14:11:28,17.6700,142,2
2026-03-04,601012,14:11:31,17.6700,96,2
2026-03-04,601012,14:11:34,17.6800,32,1
2026-03-04,601012,14:11:37,17.6800,69,1
2026-03-04,601012,14:11:40,17.6700,85,2
2026-03-04,601012,14:11:43,17.6700,43,2
2026-03-04,601012,14:11:46,17.6800,332,1
2026-03-04,601012,14:11:49,17.6800,77,1
2026-03-04,601012,14:11:52,17.6700,176,2
2026-03-04,601012,14:11:55,17.6900,115,1
2026-03-04,601012,14:11:58,17.6800,321,2
2026-03-04,601012,14:12:01,17.6800,66,1
2026-03-04,601012,14:12:04,17.6700,611,2
2026-03-04,601012,14:12:07,17.6800,58,1
2026-03-04,601012,14:12:10,17.6800,120,2
2026-03-04,601012,14:12:13,17.6800,172,1
2026-03-04,601012,14:12:16,17.6800,18,2
2026-03-04,601012,14:12:19,17.6800,41,2
2026-03-04,601012,14:12:22,17.6800,135,1
2026-03-04,601012,14:12:25,17.6900,22,1
2026-03-04,601012,14:12:28,17.6900,5,1
2026-03-04,601012,14:12:31,17.6800,52,2
2026-03-04,601012,14:12:34,17.6800,21,2
2026-03-04,601012,14:12:37,17.6800,144,2
2026-03-04,601012,14:12:40,17.6800,100,2
2026-03-04,601012,14:12:43,17.6900,87,1
2026-03-04,601012,14:12:46,17.6800,57,2
2026-03-04,601012,14:12:49,17.6900,53,1
2026-03-04,601012,14:12:52,17.6800,55,2
2026-03-04,601012,14:12:55,17.6800,122,2
2026-03-04,601012,14:12:58,17.6900,53,1
2026-03-04,601012,14:13:01,17.6800,150,2
2026-03-04,601012,14:13:04,17.6900,22,1
2026-03-04,601012,14:13:07,17.6800,42,2
2026-03-04,601012,14:13:10,17.6800,50,2
2026-03-04,601012,14:13:13,17.6800,56,2
2026-03-04,601012,14:13:16,17.6900,6,1
2026-03-04,601012,14:13:19,17.6900,25,1
2026-03-04,601012,14:13:22,17.6800,35,2
2026-03-04,601012,14:13:25,17.6800,966,2
2026-03-04,601012,14:13:28,17.6700,34,2
2026-03-04,601012,14:13:31,17.6800,76,1
2026-03-04,601012,14:13:34,17.6700,138,2
2026-03-04,601012,14:13:37,17.6700,199,2
2026-03-04,601012,14:13:40,17.6700,209,2
2026-03-04,601012,14:13:43,17.6800,111,1
2026-03-04,601012,14:13:46,17.6800,41,1
2026-03-04,601012,14:13:49,17.6700,106,2
2026-03-04,601012,14:13:52,17.6800,168,1
2026-03-04,601012,14:13:55,17.6700,825,2
2026-03-04,601012,14:13:58,17.6700,212,2
2026-03-04,601012,14:14:01,17.6700,44,1
2026-03-04,601012,14:14:04,17.6700,79,1
2026-03-04,601012,14:14:07,17.6700,135,1
2026-03-04,601012,14:14:10,17.6700,45,1
2026-03-04,601012,14:14:13,17.6700,67,1
2026-03-04,601012,14:14:16,17.6600,100,2
2026-03-04,601012,14:14:19,17.6700,42,1
2026-03-04,601012,14:14:22,17.6600,241,2
2026-03-04,601012,14:14:25,17.6600,159,2
2026-03-04,601012,14:14:28,17.6700,1687,1
2026-03-04,601012,14:14:31,17.6600,21,2
2026-03-04,601012,14:14:34,17.6700,239,1
2026-03-04,601012,14:14:37,17.6600,393,2
2026-03-04,601012,14:14:40,17.6700,335,1
2026-03-04,601012,14:14:43,17.6600,65,2
2026-03-04,601012,14:14:46,17.6700,186,1
2026-03-04,601012,14:14:49,17.6600,2070,2
2026-03-04,601012,14:14:52,17.6600,62,2
2026-03-04,601012,14:14:55,17.6600,376,2
2026-03-04,601012,14:14:58,17.6700,10,1
2026-03-04,601012,14:15:01,17.6600,39,2
2026-03-04,601012,14:15:04,17.6700,103,1
2026-03-04,601012,14:15:07,17.6700,1186,1
2026-03-04,601012,14:15:10,17.6700,88,2
2026-03-04,601012,14:15:13,17.6800,21,1
2026-03-04,601012,14:15:16,17.6900,106,1
2026-03-04,601012,14:15:19,17.6900,36,1
2026-03-04,601012,14:15:22,17.6900,89,1
2026-03-04,601012,14:15:25,17.6900,218,1
2026-03-04,601012,14:15:28,17.6900,60,1
2026-03-04,601012,14:15:31,17.6900,113,1
2026-03-04,601012,14:15:34,17.6800,245,2
2026-03-04,601012,14:15:37,17.6900,16,1
2026-03-04,601012,14:15:40,17.6800,504,2
2026-03-04,601012,14:15:43,17.6800,156,1
2026-03-04,601012,14:15:46,17.6800,155,1
2026-03-04,601012,14:15:49,17.6800,97,1
2026-03-04,601012,14:15:52,17.6800,735,1
2026-03-04,601012,14:15:55,17.6800,28,1
2026-03-04,601012,14:15:58,17.6800,175,1
2026-03-04,601012,14:16:01,17.6800,240,1
2026-03-04,601012,14:16:04,17.6800,100,1
2026-03-04,601012,14:16:07,17.6800,54,2
2026-03-04,601012,14:16:10,17.6800,65,1
2026-03-04,601012,14:16:13,17.6800,1024,2
2026-03-04,601012,14:16:16,17.6800,238,1
2026-03-04,601012,14:16:19,17.6800,23,2
2026-03-04,601012,14:16:22,17.6900,1412,1
2026-03-04,601012,14:16:25,17.6900,37,2
2026-03-04,601012,14:16:28,17.6900,32,2
2026-03-04,601012,14:16:31,17.7100,58,1
2026-03-04,601012,14:16:34,17.7000,59,4
2026-03-04,601012,14:16:37,17.7100,114,1
2026-03-04,601012,14:16:40,17.7100,16,1
2026-03-04,601012,14:16:43,17.7000,101,2
2026-03-04,601012,14:16:46,17.7000,87,2
2026-03-04,601012,14:16:49,17.7000,24,2
2026-03-04,601012,14:16:52,17.7000,225,2
2026-03-04,601012,14:16:55,17.7000,113,1
2026-03-04,601012,14:16:58,17.6900,112,2
2026-03-04,601012,14:17:01,17.7000,142,1
2026-03-04,601012,14:17:04,17.6900,181,2
2026-03-04,601012,14:17:07,17.6900,145,1
2026-03-04,601012,14:17:10,17.7000,64,1
2026-03-04,601012,14:17:13,17.6800,146,2
2026-03-04,601012,14:17:16,17.6900,46,2
2026-03-04,601012,14:17:19,17.6900,22,2
2026-03-04,601012,14:17:22,17.6900,26,2
2026-03-04,601012,14:17:25,17.7000,58,1
2026-03-04,601012,14:17:28,17.7000,33,1
2026-03-04,601012,14:17:31,17.7000,89,1
2026-03-04,601012,14:17:34,17.6900,105,2
2026-03-04,601012,14:17:37,17.7000,48,1
2026-03-04,601012,14:17:40,17.7000,86,1
2026-03-04,601012,14:17:43,17.7000,72,1
2026-03-04,601012,14:17:46,17.6900,43,2
2026-03-04,601012,14:17:49,17.6900,23,2
2026-03-04,601012,14:17:52,17.7000,87,1
2026-03-04,601012,14:17:55,17.7000,58,1
2026-03-04,601012,14:17:58,17.7000,29,1
2026-03-04,601012,14:18:01,17.7000,147,1
2026-03-04,601012,14:18:04,17.6900,38,2
2026-03-04,601012,14:18:07,17.7000,43,1
2026-03-04,601012,14:18:10,17.7000,141,1
2026-03-04,601012,14:18:13,17.6900,379,2
2026-03-04,601012,14:18:16,17.6900,72,2
2026-03-04,601012,14:18:19,17.6900,365,2
2026-03-04,601012,14:18:22,17.6900,127,1
2026-03-04,601012,14:18:25,17.6900,104,1
2026-03-04,601012,14:18:28,17.6900,69,1
2026-03-04,601012,14:18:31,17.6900,289,1
2026-03-04,601012,14:18:34,17.6900,97,2
2026-03-04,601012,14:18:37,17.6900,11,1
2026-03-04,601012,14:18:40,17.6900,160,1
2026-03-04,601012,14:18:43,17.6900,28,2
2026-03-04,601012,14:18:46,17.6900,90,1
2026-03-04,601012,14:18:49,17.6900,642,1
2026-03-04,601012,14:18:52,17.6900,92,1
2026-03-04,601012,14:18:55,17.6900,93,1
2026-03-04,601012,14:18:58,17.7000,95,1
2026-03-04,601012,14:19:01,17.7000,72,1
2026-03-04,601012,14:19:04,17.7000,83,1
2026-03-04,601012,14:19:07,17.6900,128,2
2026-03-04,601012,14:19:10,17.6900,100,1
2026-03-04,601012,14:19:13,17.6900,58,2
2026-03-04,601012,14:19:16,17.7000,54,1
2026-03-04,601012,14:19:19,17.7000,38,1
2026-03-04,601012,14:19:22,17.7000,45,1
2026-03-04,601012,14:19:25,17.7000,66,1
2026-03-04,601012,14:19:28,17.7000,30,1
2026-03-04,601012,14:19:31,17.6900,87,2
2026-03-04,601012,14:19:34,17.7000,114,1
2026-03-04,601012,14:19:37,17.6900,21,2
2026-03-04,601012,14:19:40,17.7000,617,1
2026-03-04,601012,14:19:43,17.6800,79,2
2026-03-04,601012,14:19:46,17.7000,72,1
2026-03-04,601012,14:19:49,17.6800,42,2
2026-03-04,601012,14:19:52,17.6900,50,4
2026-03-04,601012,14:19:55,17.7000,57,1
2026-03-04,601012,14:19:58,17.6900,2,4
2026-03-04,601012,14:20:01,17.6800,107,2
2026-03-04,601012,14:20:04,17.7000,44,1
2026-03-04,601012,14:20:07,17.7000,431,1
2026-03-04,601012,14:20:10,17.7000,87,1
2026-03-04,601012,14:20:13,17.7000,12,1
2026-03-04,601012,14:20:16,17.6900,41,4
2026-03-04,601012,14:20:19,17.6800,175,2
2026-03-04,601012,14:20:22,17.6800,17,2
2026-03-04,601012,14:20:25,17.6800,105,2
2026-03-04,601012,14:20:28,17.6900,165,1
2026-03-04,601012,14:20:31,17.6900,113,1
2026-03-04,601012,14:20:34,17.6900,78,1
2026-03-04,601012,14:20:37,17.6900,58,2
2026-03-04,601012,14:20:40,17.6900,41,2
2026-03-04,601012,14:20:43,17.6900,7,2
2026-03-04,601012,14:20:46,17.6900,41,2
2026-03-04,601012,14:20:49,17.7000,23,1
2026-03-04,601012,14:20:52,17.7000,169,1
2026-03-04,601012,14:20:55,17.6800,45,2
2026-03-04,601012,14:20:58,17.6900,34,1
2026-03-04,601012,14:21:01,17.6900,241,4
2026-03-04,601012,14:21:04,17.7000,60,1
2026-03-04,601012,14:21:07,17.7000,8,1
2026-03-04,601012,14:21:10,17.6900,76,2
2026-03-04,601012,14:21:13,17.6900,71,2
2026-03-04,601012,14:21:16,17.6900,95,2
2026-03-04,601012,14:21:19,17.6900,21,2
2026-03-04,601012,14:21:22,17.6900,61,2
2026-03-04,601012,14:21:25,17.6900,100,2
2026-03-04,601012,14:21:28,17.7000,41,1
2026-03-04,601012,14:21:31,17.7000,107,1
2026-03-04,601012,14:21:34,17.6900,68,2
2026-03-04,601012,14:21:37,17.7000,336,1
2026-03-04,601012,14:21:40,17.6900,46,2
2026-03-04,601012,14:21:43,17.6900,55,2
2026-03-04,601012,14:21:46,17.6900,180,2
2026-03-04,601012,14:21:49,17.7000,6,4
2026-03-04,601012,14:21:52,17.7000,189,1
2026-03-04,601012,14:21:55,17.7100,104,1
2026-03-04,601012,14:21:58,17.7100,37,1
2026-03-04,601012,14:22:01,17.7100,19,1
2026-03-04,601012,14:22:04,17.7100,50,1
2026-03-04,601012,14:22:07,17.7000,62,2
2026-03-04,601012,14:22:10,17.7000,180,2
2026-03-04,601012,14:22:13,17.7000,17,2
2026-03-04,601012,14:22:16,17.7000,9,2
2026-03-04,601012,14:22:19,17.7100,132,1
2026-03-04,601012,14:22:22,17.7000,75,2
2026-03-04,601012,14:22:25,17.7000,117,2
2026-03-04,601012,14:22:28,17.7100,109,1
2026-03-04,601012,14:22:31,17.7100,13,1
2026-03-04,601012,14:22:34,17.7100,40,1
2026-03-04,601012,14:22:37,17.7100,22,1
2026-03-04,601012,14:22:40,17.7100,140,1
2026-03-04,601012,14:22:43,17.7100,91,1
2026-03-04,601012,14:22:46,17.7100,57,1
2026-03-04,601012,14:22:49,17.7100,107,1
2026-03-04,601012,14:22:52,17.7100,216,1
2026-03-04,601012,14:22:55,17.7000,52,2
2026-03-04,601012,14:22:58,17.7100,54,1
2026-03-04,601012,14:23:01,17.7000,21,2
2026-03-04,601012,14:23:04,17.7100,159,1
2026-03-04,601012,14:23:07,17.7000,84,2
2026-03-04,601012,14:23:10,17.7000,155,2
2026-03-04,601012,14:23:13,17.7000,51,2
2026-03-04,601012,14:23:16,17.7000,176,2
2026-03-04,601012,14:23:19,17.7000,202,2
2026-03-04,601012,14:23:22,17.7100,109,1
2026-03-04,601012,14:23:25,17.7000,224,2
2026-03-04,601012,14:23:28,17.7000,55,1
2026-03-04,601012,14:23:31,17.7000,50,1
2026-03-04,601012,14:23:34,17.7000,156,1
2026-03-04,601012,14:23:37,17.7000,72,1
2026-03-04,601012,14:23:40,17.7000,28,1
2026-03-04,601012,14:23:43,17.7000,77,1
2026-03-04,601012,14:23:46,17.7000,87,1
2026-03-04,601012,14:23:49,17.7000,231,1
2026-03-04,601012,14:23:52,17.7000,77,1
2026-03-04,601012,14:23:55,17.7000,176,1
2026-03-04,601012,14:23:58,17.7000,170,1
2026-03-04,601012,14:24:01,17.7000,677,1
2026-03-04,601012,14:24:04,17.6900,264,2
2026-03-04,601012,14:24:07,17.6900,141,2
2026-03-04,601012,14:24:10,17.6900,514,2
2026-03-04,601012,14:24:13,17.7000,137,1
2026-03-04,601012,14:24:16,17.7000,42,1
2026-03-04,601012,14:24:19,17.6900,148,2
2026-03-04,601012,14:24:22,17.6900,142,2
2026-03-04,601012,14:24:25,17.7000,68,1
2026-03-04,601012,14:24:28,17.6900,5,2
2026-03-04,601012,14:24:31,17.6900,88,2
2026-03-04,601012,14:24:34,17.7000,22,1
2026-03-04,601012,14:24:37,17.6900,114,2
2026-03-04,601012,14:24:40,17.6900,42,2
2026-03-04,601012,14:24:43,17.7000,34,1
2026-03-04,601012,14:24:46,17.6900,112,2
2026-03-04,601012,14:24:49,17.6900,133,2
2026-03-04,601012,14:24:52,17.6900,1062,2
2026-03-04,601012,14:24:55,17.7000,96,1
2026-03-04,601012,14:24:58,17.7000,7,1
2026-03-04,601012,14:25:01,17.6900,95,2
2026-03-04,601012,14:25:04,17.6900,168,2
2026-03-04,601012,14:25:07,17.7000,24,1
2026-03-04,601012,14:25:10,17.7000,19,1
2026-03-04,601012,14:25:13,17.7000,80,1
2026-03-04,601012,14:25:16,17.7000,58,1
2026-03-04,601012,14:25:19,17.7000,72,1
2026-03-04,601012,14:25:22,17.6900,114,2
2026-03-04,601012,14:25:25,17.6900,121,2
2026-03-04,601012,14:25:28,17.6900,771,2
2026-03-04,601012,14:25:31,17.6900,54,1
2026-03-04,601012,14:25:34,17.6800,320,2
2026-03-04,601012,14:25:37,17.6900,734,1
2026-03-04,601012,14:25:40,17.6900,426,1
2026-03-04,601012,14:25:43,17.6900,234,1
2026-03-04,601012,14:25:46,17.6800,60,2
2026-03-04,601012,14:25:49,17.6900,77,1
2026-03-04,601012,14:25:52,17.6900,83,1
2026-03-04,601012,14:25:55,17.6900,117,1
2026-03-04,601012,14:25:58,17.6800,20,2
2026-03-04,601012,14:26:01,17.6900,69,1
2026-03-04,601012,14:26:04,17.6800,38,2
2026-03-04,601012,14:26:07,17.6800,157,2
2026-03-04,601012,14:26:10,17.6900,4,1
2026-03-04,601012,14:26:13,17.6900,43,1
2026-03-04,601012,14:26:16,17.6900,131,1
2026-03-04,601012,14:26:19,17.6900,64,1
2026-03-04,601012,14:26:22,17.6900,334,1
2026-03-04,601012,14:26:25,17.6900,200,1
2026-03-04,601012,14:26:28,17.6900,181,1
2026-03-04,601012,14:26:31,17.6900,115,1
2026-03-04,601012,14:26:34,17.6900,63,2
2026-03-04,601012,14:26:37,17.6900,116,1
2026-03-04,601012,14:26:40,17.6900,22,2
2026-03-04,601012,14:26:43,17.6800,132,2
2026-03-04,601012,14:26:46,17.6900,78,1
2026-03-04,601012,14:26:49,17.6900,75,1
2026-03-04,601012,14:26:52,17.6800,78,2
2026-03-04,601012,14:26:55,17.6900,165,1
2026-03-04,601012,14:26:58,17.6900,57,1
2026-03-04,601012,14:27:01,17.6900,192,1
2026-03-04,601012,14:27:04,17.6900,68,1
2026-03-04,601012,14:27:07,17.6800,44,2
2026-03-04,601012,14:27:10,17.6900,133,1
2026-03-04,601012,14:27:13,17.6900,161,1
2026-03-04,601012,14:27:16,17.6900,125,1
2026-03-04,601012,14:27:19,17.6900,57,1
2026-03-04,601012,14:27:22,17.6900,33,1
2026-03-04,601012,14:27:25,17.6900,192,1
2026-03-04,601012,14:27:28,17.6900,169,1
2026-03-04,601012,14:27:31,17.6800,227,2
2026-03-04,601012,14:27:34,17.6900,182,1
2026-03-04,601012,14:27:37,17.6800,114,2
2026-03-04,601012,14:27:40,17.6800,95,2
2026-03-04,601012,14:27:43,17.6900,106,1
2026-03-04,601012,14:27:46,17.6800,100,2
2026-03-04,601012,14:27:49,17.6900,65,4
2026-03-04,601012,14:27:52,17.6900,43,1
2026-03-04,601012,14:27:55,17.6800,46,2
2026-03-04,601012,14:27:58,17.6900,158,1
2026-03-04,601012,14:28:01,17.6900,215,1
2026-03-04,601012,14:28:04,17.6900,78,1
2026-03-04,601012,14:28:07,17.6800,23,2
2026-03-04,601012,14:28:10,17.6800,114,2
2026-03-04,601012,14:28:13,17.6900,10,1
2026-03-04,601012,14:28:16,17.6900,28,1
2026-03-04,601012,14:28:19,17.6900,74,1
2026-03-04,601012,14:28:22,17.6800,47,2
2026-03-04,601012,14:28:25,17.6900,108,1
2026-03-04,601012,14:28:28,17.6800,106,2
2026-03-04,601012,14:28:31,17.6800,97,2
2026-03-04,601012,14:28:34,17.6900,86,1
2026-03-04,601012,14:28:37,17.6900,35,1
2026-03-04,601012,14:28:40,17.6800,62,2
2026-03-04,601012,14:28:43,17.6800,135,2
2026-03-04,601012,14:28:46,17.6800,117,2
2026-03-04,601012,14:28:49,17.6900,119,1
2026-03-04,601012,14:28:52,17.6800,89,2
2026-03-04,601012,14:28:55,17.6800,23,2
2026-03-04,601012,14:28:58,17.6900,105,1
2026-03-04,601012,14:29:01,17.6800,102,2
2026-03-04,601012,14:29:04,17.6900,39,1
2026-03-04,601012,14:29:07,17.6900,133,1
2026-03-04,601012,14:29:10,17.6900,62,1
2026-03-04,601012,14:29:13,17.6800,34,2
2026-03-04,601012,14:29:16,17.6800,62,2
2026-03-04,601012,14:29:19,17.6800,131,2
2026-03-04,601012,14:29:22,17.6800,135,2
2026-03-04,601012,14:29:25,17.6800,63,2
2026-03-04,601012,14:29:28,17.6800,210,2
2026-03-04,601012,14:29:31,17.6800,114,2
2026-03-04,601012,14:29:34,17.6800,108,2
2026-03-04,601012,14:29:37,17.6800,77,2
2026-03-04,601012,14:29:40,17.6900,151,1
2026-03-04,601012,14:29:43,17.6900,80,1
2026-03-04,601012,14:29:46,17.6900,187,1
2026-03-04,601012,14:29:49,17.6800,145,2
2026-03-04,601012,14:29:52,17.6900,72,1
2026-03-04,601012,14:29:55,17.6900,121,1
2026-03-04,601012,14:29:58,17.6900,119,1
2026-03-04,601012,14:30:01,17.6900,173,1
2026-03-04,601012,14:30:04,17.6900,132,1
2026-03-04,601012,14:30:07,17.6900,183,1
2026-03-04,601012,14:30:10,17.6900,92,1
2026-03-04,601012,14:30:13,17.6800,171,2
2026-03-04,601012,14:30:16,17.6800,81,2
2026-03-04,601012,14:30:19,17.6900,54,1
2026-03-04,601012,14:30:22,17.6800,36,2
2026-03-04,601012,14:30:25,17.6800,65,2
2026-03-04,601012,14:30:28,17.6900,132,1
2026-03-04,601012,14:30:31,17.6900,190,1
2026-03-04,601012,14:30:34,17.6900,517,1
2026-03-04,601012,14:30:37,17.6900,470,1
2026-03-04,601012,14:30:40,17.6900,587,1
2026-03-04,601012,14:30:43,17.6800,277,2
2026-03-04,601012,14:30:46,17.6900,177,1
2026-03-04,601012,14:30:49,17.6900,2126,1
2026-03-04,601012,14:30:52,17.6800,704,2
2026-03-04,601012,14:30:55,17.6700,4540,2
2026-03-04,601012,14:30:58,17.6800,175,1
2026-03-04,601012,14:31:01,17.6700,144,2
2026-03-04,601012,14:31:04,17.6700,531,2
2026-03-04,601012,14:31:07,17.6800,474,1
2026-03-04,601012,14:31:10,17.6800,116,1
2026-03-04,601012,14:31:13,17.6800,138,1
2026-03-04,601012,14:31:16,17.6800,947,1
2026-03-04,601012,14:31:19,17.6800,750,1
2026-03-04,601012,14:31:22,17.6800,77,1
2026-03-04,601012,14:31:25,17.6700,125,2
2026-03-04,601012,14:31:28,17.6700,116,2
2026-03-04,601012,14:31:31,17.6700,17,2
2026-03-04,601012,14:31:34,17.6700,448,2
2026-03-04,601012,14:31:37,17.6700,345,1
2026-03-04,601012,14:31:40,17.6600,1698,2
2026-03-04,601012,14:31:43,17.6700,55,1
2026-03-04,601012,14:31:46,17.6600,1119,2
2026-03-04,601012,14:31:49,17.6700,748,1
2026-03-04,601012,14:31:52,17.6600,623,2
2026-03-04,601012,14:31:55,17.6600,371,2
2026-03-04,601012,14:31:58,17.6500,162,2
2026-03-04,601012,14:32:01,17.6600,248,1
2026-03-04,601012,14:32:04,17.6600,2,1
2026-03-04,601012,14:32:07,17.6600,1217,1
2026-03-04,601012,14:32:10,17.6600,692,1
2026-03-04,601012,14:32:13,17.6500,812,2
2026-03-04,601012,14:32:16,17.6600,441,1
2026-03-04,601012,14:32:19,17.6600,353,1
2026-03-04,601012,14:32:22,17.6500,337,2
2026-03-04,601012,14:32:25,17.6600,111,1
2026-03-04,601012,14:32:28,17.6600,286,1
2026-03-04,601012,14:32:31,17.6600,426,1
2026-03-04,601012,14:32:34,17.6600,252,1
2026-03-04,601012,14:32:37,17.6600,106,1
2026-03-04,601012,14:32:40,17.6600,1413,1
2026-03-04,601012,14:32:43,17.6500,483,2
2026-03-04,601012,14:32:46,17.6600,246,1
2026-03-04,601012,14:32:49,17.6600,187,1
2026-03-04,601012,14:32:52,17.6600,30,2
2026-03-04,601012,14:32:55,17.6700,39,1
2026-03-04,601012,14:32:58,17.6600,226,2
2026-03-04,601012,14:33:01,17.6600,37,2
2026-03-04,601012,14:33:04,17.6600,59,2
2026-03-04,601012,14:33:07,17.6700,107,1
2026-03-04,601012,14:33:10,17.6700,104,1
2026-03-04,601012,14:33:13,17.6700,332,1
2026-03-04,601012,14:33:16,17.6600,171,2
2026-03-04,601012,14:33:19,17.6800,48,1
2026-03-04,601012,14:33:22,17.6700,55,2
2026-03-04,601012,14:33:25,17.6700,217,2
2026-03-04,601012,14:33:28,17.6800,38,1
2026-03-04,601012,14:33:31,17.6800,62,1
2026-03-04,601012,14:33:34,17.6800,132,1
2026-03-04,601012,14:33:37,17.6800,242,1
2026-03-04,601012,14:33:40,17.6800,540,1
2026-03-04,601012,14:33:43,17.6800,50,1
2026-03-04,601012,14:33:46,17.6800,12,2
2026-03-04,601012,14:33:49,17.6800,57,2
2026-03-04,601012,14:33:52,17.6900,541,1
2026-03-04,601012,14:33:55,17.6800,260,2
2026-03-04,601012,14:33:58,17.6900,62,1
2026-03-04,601012,14:34:01,17.6900,90,1
2026-03-04,601012,14:34:04,17.6900,20,1
2026-03-04,601012,14:34:07,17.6900,100,1
2026-03-04,601012,14:34:10,17.6900,294,1
2026-03-04,601012,14:34:13,17.6900,88,1
2026-03-04,601012,14:34:16,17.6900,88,2
2026-03-04,601012,14:34:19,17.6900,101,2
2026-03-04,601012,14:34:22,17.6900,41,2
2026-03-04,601012,14:34:25,17.6900,692,2
2026-03-04,601012,14:34:28,17.6900,74,1
2026-03-04,601012,14:34:31,17.6900,208,1
2026-03-04,601012,14:34:34,17.6800,72,2
2026-03-04,601012,14:34:37,17.6900,167,1
2026-03-04,601012,14:34:40,17.6900,112,1
2026-03-04,601012,14:34:43,17.6900,181,1
2026-03-04,601012,14:34:46,17.6900,22,1
2026-03-04,601012,14:34:49,17.6900,127,1
2026-03-04,601012,14:34:52,17.6800,395,2
2026-03-04,601012,14:34:55,17.6800,307,2
2026-03-04,601012,14:34:58,17.6800,202,2
2026-03-04,601012,14:35:01,17.6900,1804,1
2026-03-04,601012,14:35:04,17.6900,165,1
2026-03-04,601012,14:35:07,17.6900,508,2
2026-03-04,601012,14:35:10,17.6900,299,2
2026-03-04,601012,14:35:13,17.7000,241,1
2026-03-04,601012,14:35:16,17.7000,40,1
2026-03-04,601012,14:35:19,17.7000,281,2
2026-03-04,601012,14:35:22,17.7100,136,1
2026-03-04,601012,14:35:25,17.7100,133,1
2026-03-04,601012,14:35:28,17.7000,388,2
2026-03-04,601012,14:35:31,17.7100,131,1
2026-03-04,601012,14:35:34,17.7100,230,1
2026-03-04,601012,14:35:37,17.7100,97,1
2026-03-04,601012,14:35:40,17.7100,303,1
2026-03-04,601012,14:35:43,17.7100,121,2
2026-03-04,601012,14:35:46,17.7100,718,1
2026-03-04,601012,14:35:49,17.7100,134,2
2026-03-04,601012,14:35:52,17.7100,246,2
2026-03-04,601012,14:35:55,17.7100,90,1
2026-03-04,601012,14:35:58,17.7100,124,1
2026-03-04,601012,14:36:01,17.7000,468,2
2026-03-04,601012,14:36:04,17.7000,124,2
2026-03-04,601012,14:36:07,17.7000,170,2
2026-03-04,601012,14:36:10,17.7000,220,2
2026-03-04,601012,14:36:13,17.7100,74,1
2026-03-04,601012,14:36:16,17.7000,82,2
2026-03-04,601012,14:36:19,17.7100,56,1
2026-03-04,601012,14:36:22,17.7100,121,1
2026-03-04,601012,14:36:25,17.7000,338,2
2026-03-04,601012,14:36:28,17.7000,145,2
2026-03-04,601012,14:36:31,17.7000,81,2
2026-03-04,601012,14:36:34,17.7000,74,2
2026-03-04,601012,14:36:37,17.7000,63,2
2026-03-04,601012,14:36:40,17.7100,209,1
2026-03-04,601012,14:36:43,17.7000,200,2
2026-03-04,601012,14:36:46,17.7000,56,2
2026-03-04,601012,14:36:49,17.7000,265,2
2026-03-04,601012,14:36:52,17.7100,134,1
2026-03-04,601012,14:36:55,17.7100,487,1
2026-03-04,601012,14:36:58,17.7100,372,1
2026-03-04,601012,14:37:01,17.7100,33,1
2026-03-04,601012,14:37:04,17.7100,176,1
2026-03-04,601012,14:37:07,17.7000,47,2
2026-03-04,601012,14:37:10,17.7100,162,1
2026-03-04,601012,14:37:13,17.7100,59,1
2026-03-04,601012,14:37:16,17.7100,211,1
2026-03-04,601012,14:37:19,17.7100,185,1
2026-03-04,601012,14:37:22,17.7100,183,1
2026-03-04,601012,14:37:25,17.7100,754,1
2026-03-04,601012,14:37:28,17.7100,42,1
2026-03-04,601012,14:37:31,17.7000,252,2
2026-03-04,601012,14:37:34,17.7000,65,2
2026-03-04,601012,14:37:37,17.7000,191,2
2026-03-04,601012,14:37:40,17.7000,98,1
2026-03-04,601012,14:37:43,17.7000,201,1
2026-03-04,601012,14:37:46,17.7000,60,1
2026-03-04,601012,14:37:49,17.7000,147,1
2026-03-04,601012,14:37:52,17.7000,195,2
2026-03-04,601012,14:37:55,17.7000,187,1
2026-03-04,601012,14:37:58,17.7000,80,1
2026-03-04,601012,14:38:01,17.7000,169,1
2026-03-04,601012,14:38:04,17.7000,178,1
2026-03-04,601012,14:38:07,17.6900,560,2
2026-03-04,601012,14:38:10,17.6900,187,1
2026-03-04,601012,14:38:13,17.6900,40,1
2026-03-04,601012,14:38:16,17.6900,97,2
2026-03-04,601012,14:38:19,17.6900,388,2
2026-03-04,601012,14:38:22,17.6900,204,1
2026-03-04,601012,14:38:25,17.6900,107,1
2026-03-04,601012,14:38:28,17.6900,126,1
2026-03-04,601012,14:38:31,17.6900,123,1
2026-03-04,601012,14:38:34,17.6800,490,2
2026-03-04,601012,14:38:37,17.6800,255,2
2026-03-04,601012,14:38:40,17.6900,135,1
2026-03-04,601012,14:38:43,17.6900,100,1
2026-03-04,601012,14:38:46,17.7000,50,1
2026-03-04,601012,14:38:49,17.6800,167,2
2026-03-04,601012,14:38:52,17.6900,27,1
2026-03-04,601012,14:38:55,17.6900,75,2
2026-03-04,601012,14:38:58,17.6900,187,2
2026-03-04,601012,14:39:01,17.6900,55,2
2026-03-04,601012,14:39:04,17.6900,281,2
2026-03-04,601012,14:39:07,17.6900,245,1
2026-03-04,601012,14:39:10,17.6900,48,1
2026-03-04,601012,14:39:13,17.6900,30,1
2026-03-04,601012,14:39:16,17.6900,198,1
2026-03-04,601012,14:39:19,17.6800,426,2
2026-03-04,601012,14:39:22,17.6900,101,1
2026-03-04,601012,14:39:25,17.6900,102,1
2026-03-04,601012,14:39:28,17.6900,125,1
2026-03-04,601012,14:39:31,17.6900,55,2
2026-03-04,601012,14:39:34,17.6900,84,2
2026-03-04,601012,14:39:37,17.6900,92,2
2026-03-04,601012,14:39:40,17.6900,121,2
2026-03-04,601012,14:39:43,17.6900,199,2
2026-03-04,601012,14:39:46,17.6900,196,2
2026-03-04,601012,14:39:49,17.7000,119,1
2026-03-04,601012,14:39:52,17.7000,167,1
2026-03-04,601012,14:39:55,17.6900,79,2
2026-03-04,601012,14:39:58,17.6900,113,2
2026-03-04,601012,14:40:01,17.6800,304,2
2026-03-04,601012,14:40:04,17.6900,407,1
2026-03-04,601012,14:40:07,17.7000,437,1
2026-03-04,601012,14:40:10,17.6900,735,2
2026-03-04,601012,14:40:13,17.7000,171,1
2026-03-04,601012,14:40:16,17.7000,84,1
2026-03-04,601012,14:40:19,17.6900,101,2
2026-03-04,601012,14:40:22,17.6800,251,2
2026-03-04,601012,14:40:25,17.6800,1364,2
2026-03-04,601012,14:40:28,17.6900,164,1
2026-03-04,601012,14:40:31,17.6900,98,1
2026-03-04,601012,14:40:34,17.6800,145,2
2026-03-04,601012,14:40:37,17.6800,108,2
2026-03-04,601012,14:40:40,17.6800,39,2
2026-03-04,601012,14:40:43,17.6900,100,1
2026-03-04,601012,14:40:46,17.6900,104,1
2026-03-04,601012,14:40:49,17.6800,426,2
2026-03-04,601012,14:40:52,17.6900,121,1
2026-03-04,601012,14:40:55,17.6800,168,2
2026-03-04,601012,14:40:58,17.6900,227,1
2026-03-04,601012,14:41:01,17.6900,78,1
2026-03-04,601012,14:41:04,17.6900,125,1
2026-03-04,601012,14:41:07,17.6800,68,2
2026-03-04,601012,14:41:10,17.6900,516,1
2026-03-04,601012,14:41:13,17.6800,729,2
2026-03-04,601012,14:41:16,17.6900,76,1
2026-03-04,601012,14:41:19,17.6900,71,1
2026-03-04,601012,14:41:22,17.6800,142,2
2026-03-04,601012,14:41:25,17.6900,155,1
2026-03-04,601012,14:41:28,17.6900,26,1
2026-03-04,601012,14:41:31,17.6900,202,1
2026-03-04,601012,14:41:34,17.6900,406,1
2026-03-04,601012,14:41:37,17.6900,181,1
2026-03-04,601012,14:41:40,17.6900,119,1
2026-03-04,601012,14:41:43,17.6900,140,1
2026-03-04,601012,14:41:46,17.6900,57,1
2026-03-04,601012,14:41:49,17.6900,106,1
2026-03-04,601012,14:41:52,17.6900,1094,1
2026-03-04,601012,14:41:55,17.6800,92,2
2026-03-04,601012,14:41:58,17.6800,82,2
2026-03-04,601012,14:42:01,17.6800,177,2
2026-03-04,601012,14:42:04,17.7000,211,1
2026-03-04,601012,14:42:07,17.6900,52,2
2026-03-04,601012,14:42:10,17.6900,74,2
2026-03-04,601012,14:42:13,17.6900,403,2
2026-03-04,601012,14:42:16,17.7000,233,1
2026-03-04,601012,14:42:19,17.7000,245,1
2026-03-04,601012,14:42:22,17.7000,162,1
2026-03-04,601012,14:42:25,17.6800,158,2
2026-03-04,601012,14:42:28,17.6900,62,1
2026-03-04,601012,14:42:31,17.6900,53,1
2026-03-04,601012,14:42:34,17.6900,255,2
2026-03-04,601012,14:42:37,17.6900,193,1
2026-03-04,601012,14:42:40,17.6800,74,2
2026-03-04,601012,14:42:43,17.6800,387,2
2026-03-04,601012,14:42:46,17.6900,119,1
2026-03-04,601012,14:42:49,17.6900,130,1
2026-03-04,601012,14:42:52,17.6800,123,2
2026-03-04,601012,14:42:55,17.6900,241,1
2026-03-04,601012,14:42:58,17.6800,201,2
2026-03-04,601012,14:43:01,17.6800,65,2
2026-03-04,601012,14:43:04,17.6800,149,2
2026-03-04,601012,14:43:07,17.6800,501,2
2026-03-04,601012,14:43:10,17.6800,145,2
2026-03-04,601012,14:43:13,17.6800,189,2
2026-03-04,601012,14:43:16,17.6800,115,2
2026-03-04,601012,14:43:19,17.6800,52,2
2026-03-04,601012,14:43:22,17.6900,87,1
2026-03-04,601012,14:43:25,17.6800,195,2
2026-03-04,601012,14:43:28,17.6900,103,1
2026-03-04,601012,14:43:31,17.6900,94,1
2026-03-04,601012,14:43:34,17.6900,507,1
2026-03-04,601012,14:43:37,17.6900,168,1
2026-03-04,601012,14:43:40,17.6800,424,2
2026-03-04,601012,14:43:43,17.6900,74,1
2026-03-04,601012,14:43:46,17.6900,140,1
2026-03-04,601012,14:43:49,17.6800,226,2
2026-03-04,601012,14:43:52,17.6900,37,1
2026-03-04,601012,14:43:55,17.6900,94,1
2026-03-04,601012,14:43:58,17.6900,79,1
2026-03-04,601012,14:44:01,17.6900,393,1
2026-03-04,601012,14:44:04,17.6900,234,1
2026-03-04,601012,14:44:07,17.6900,374,1
2026-03-04,601012,14:44:10,17.6800,121,2
2026-03-04,601012,14:44:13,17.6900,153,1
2026-03-04,601012,14:44:16,17.6800,324,2
2026-03-04,601012,14:44:19,17.6900,499,1
2026-03-04,601012,14:44:22,17.6900,202,1
2026-03-04,601012,14:44:25,17.6900,60,1
2026-03-04,601012,14:44:28,17.6900,362,1
2026-03-04,601012,14:44:31,17.6800,258,2
2026-03-04,601012,14:44:34,17.6800,155,2
2026-03-04,601012,14:44:37,17.6800,394,2
2026-03-04,601012,14:44:40,17.6800,91,2
2026-03-04,601012,14:44:43,17.6800,133,2
2026-03-04,601012,14:44:46,17.6800,88,2
2026-03-04,601012,14:44:49,17.6800,302,2
2026-03-04,601012,14:44:52,17.6900,253,1
2026-03-04,601012,14:44:55,17.6900,82,1
2026-03-04,601012,14:44:58,17.6800,206,2
2026-03-04,601012,14:45:01,17.6800,48,2
2026-03-04,601012,14:45:04,17.6800,181,2
2026-03-04,601012,14:45:07,17.6900,172,1
2026-03-04,601012,14:45:10,17.6900,489,1
2026-03-04,601012,14:45:13,17.6900,42,1
2026-03-04,601012,14:45:16,17.6900,47,1
2026-03-04,601012,14:45:19,17.6900,217,1
2026-03-04,601012,14:45:22,17.6800,221,2
2026-03-04,601012,14:45:25,17.6900,100,1
2026-03-04,601012,14:45:28,17.6900,177,1
2026-03-04,601012,14:45:31,17.6900,221,1
2026-03-04,601012,14:45:34,17.6900,186,1
2026-03-04,601012,14:45:37,17.6900,425,1
2026-03-04,601012,14:45:40,17.6900,172,1
2026-03-04,601012,14:45:43,17.6900,108,1
2026-03-04,601012,14:45:46,17.6900,131,1
2026-03-04,601012,14:45:49,17.6900,599,1
2026-03-04,601012,14:45:52,17.6900,47,1
2026-03-04,601012,14:45:55,17.6900,194,1
2026-03-04,601012,14:45:58,17.6900,113,1
2026-03-04,601012,14:46:01,17.6800,457,2
2026-03-04,601012,14:46:04,17.6900,517,1
2026-03-04,601012,14:46:07,17.6900,1561,1
2026-03-04,601012,14:46:10,17.6900,158,1
2026-03-04,601012,14:46:13,17.6900,1223,1
2026-03-04,601012,14:46:16,17.6900,223,1
2026-03-04,601012,14:46:19,17.6900,168,1
2026-03-04,601012,14:46:22,17.6900,107,1
2026-03-04,601012,14:46:25,17.6900,316,1
2026-03-04,601012,14:46:28,17.6800,212,2
2026-03-04,601012,14:46:31,17.6800,32,2
2026-03-04,601012,14:46:34,17.6800,41,2
2026-03-04,601012,14:46:37,17.6800,227,2
2026-03-04,601012,14:46:40,17.6800,226,2
2026-03-04,601012,14:46:43,17.6800,309,2
2026-03-04,601012,14:46:46,17.6800,697,2
2026-03-04,601012,14:46:49,17.6900,469,1
2026-03-04,601012,14:46:52,17.6900,282,1
2026-03-04,601012,14:46:55,17.6900,842,1
2026-03-04,601012,14:46:58,17.6800,167,2
2026-03-04,601012,14:47:01,17.6800,579,4
2026-03-04,601012,14:47:04,17.6800,142,1
2026-03-04,601012,14:47:07,17.6700,110,2
2026-03-04,601012,14:47:10,17.6800,635,1
2026-03-04,601012,14:47:13,17.6800,212,1
2026-03-04,601012,14:47:16,17.6700,145,2
2026-03-04,601012,14:47:19,17.6700,951,2
2026-03-04,601012,14:47:22,17.6800,416,1
2026-03-04,601012,14:47:25,17.6700,137,2
2026-03-04,601012,14:47:28,17.6800,145,1
2026-03-04,601012,14:47:31,17.6700,98,2
2026-03-04,601012,14:47:34,17.6800,364,1
2026-03-04,601012,14:47:37,17.6700,187,2
2026-03-04,601012,14:47:40,17.6800,243,1
2026-03-04,601012,14:47:43,17.6700,247,2
2026-03-04,601012,14:47:46,17.6700,127,2
2026-03-04,601012,14:47:49,17.6800,172,1
2026-03-04,601012,14:47:52,17.6700,388,2
2026-03-04,601012,14:47:55,17.6700,97,2
2026-03-04,601012,14:47:58,17.6800,111,1
2026-03-04,601012,14:48:01,17.6800,1064,1
2026-03-04,601012,14:48:04,17.6800,920,1
2026-03-04,601012,14:48:07,17.6800,489,1
2026-03-04,601012,14:48:10,17.6700,409,2
2026-03-04,601012,14:48:13,17.6700,346,2
2026-03-04,601012,14:48:16,17.6800,317,1
2026-03-04,601012,14:48:19,17.6700,291,2
2026-03-04,601012,14:48:22,17.6800,267,1
2026-03-04,601012,14:48:25,17.6700,354,2
2026-03-04,601012,14:48:28,17.6700,262,2
2026-03-04,601012,14:48:31,17.6700,327,2
2026-03-04,601012,14:48:34,17.6800,522,1
2026-03-04,601012,14:48:37,17.6700,223,2
2026-03-04,601012,14:48:40,17.6700,363,2
2026-03-04,601012,14:48:43,17.6700,206,2
2026-03-04,601012,14:48:46,17.6700,295,1
2026-03-04,601012,14:48:49,17.6700,423,1
2026-03-04,601012,14:48:52,17.6700,244,1
2026-03-04,601012,14:48:55,17.6700,280,1
2026-03-04,601012,14:48:58,17.6600,181,2
2026-03-04,601012,14:49:01,17.6600,169,2
2026-03-04,601012,14:49:04,17.6700,478,1
2026-03-04,601012,14:49:07,17.6700,280,1
2026-03-04,601012,14:49:10,17.6600,168,2
2026-03-04,601012,14:49:13,17.6700,234,1
2026-03-04,601012,14:49:16,17.6700,178,1
2026-03-04,601012,14:49:19,17.6600,177,2
2026-03-04,601012,14:49:22,17.6600,110,2
2026-03-04,601012,14:49:25,17.6600,365,2
2026-03-04,601012,14:49:28,17.6700,304,1
2026-03-04,601012,14:49:31,17.6600,113,2
2026-03-04,601012,14:49:34,17.6700,189,1
2026-03-04,601012,14:49:37,17.6600,256,2
2026-03-04,601012,14:49:40,17.6700,574,1
2026-03-04,601012,14:49:43,17.6600,209,2
2026-03-04,601012,14:49:46,17.6700,306,1
2026-03-04,601012,14:49:49,17.6700,182,2
2026-03-04,601012,14:49:52,17.6700,183,2
2026-03-04,601012,14:49:55,17.6600,302,2
2026-03-04,601012,14:49:58,17.6700,292,1
2026-03-04,601012,14:50:01,17.6600,225,2
2026-03-04,601012,14:50:04,17.6600,263,2
2026-03-04,601012,14:50:07,17.6700,342,1
2026-03-04,601012,14:50:10,17.6600,110,2
2026-03-04,601012,14:50:13,17.6700,631,1
2026-03-04,601012,14:50:16,17.6700,73,2
2026-03-04,601012,14:50:19,17.6800,342,1
2026-03-04,601012,14:50:22,17.6700,61,2
2026-03-04,601012,14:50:25,17.6700,205,1
2026-03-04,601012,14:50:28,17.6600,267,2
2026-03-04,601012,14:50:31,17.6700,240,1
2026-03-04,601012,14:50:34,17.6700,145,1
2026-03-04,601012,14:50:37,17.6700,236,1
2026-03-04,601012,14:50:40,17.6600,197,2
2026-03-04,601012,14:50:43,17.6600,589,2
2026-03-04,601012,14:50:46,17.6600,349,2
2026-03-04,601012,14:50:49,17.6700,565,1
2026-03-04,601012,14:50:52,17.6700,72,1
2026-03-04,601012,14:50:55,17.6700,202,1
2026-03-04,601012,14:50:58,17.6700,336,1
2026-03-04,601012,14:51:01,17.6700,677,1
2026-03-04,601012,14:51:04,17.6700,794,1
2026-03-04,601012,14:51:07,17.6700,580,1
2026-03-04,601012,14:51:10,17.6700,227,1
2026-03-04,601012,14:51:13,17.6600,351,2
2026-03-04,601012,14:51:16,17.6700,122,1
2026-03-04,601012,14:51:19,17.6700,524,1
2026-03-04,601012,14:51:22,17.6700,786,1
2026-03-04,601012,14:51:25,17.6600,222,2
2026-03-04,601012,14:51:28,17.6600,5149,2
2026-03-04,601012,14:51:31,17.6600,318,1
2026-03-04,601012,14:51:34,17.6700,604,1
2026-03-04,601012,14:51:37,17.6600,431,2
2026-03-04,601012,14:51:40,17.6700,532,1
2026-03-04,601012,14:51:43,17.6600,343,2
2026-03-04,601012,14:51:46,17.6600,373,2
2026-03-04,601012,14:51:49,17.6600,723,2
2026-03-04,601012,14:51:52,17.6600,252,1
2026-03-04,601012,14:51:55,17.6600,823,1
2026-03-04,601012,14:51:58,17.6600,610,1
2026-03-04,601012,14:52:01,17.6500,1432,2
2026-03-04,601012,14:52:04,17.6500,632,2
2026-03-04,601012,14:52:07,17.6600,194,1
2026-03-04,601012,14:52:10,17.6600,790,1
2026-03-04,601012,14:52:13,17.6600,551,1
2026-03-04,601012,14:52:16,17.6600,211,1
2026-03-04,601012,14:52:19,17.6500,333,2
2026-03-04,601012,14:52:22,17.6500,143,2
2026-03-04,601012,14:52:25,17.6600,777,1
2026-03-04,601012,14:52:28,17.6500,1218,2
2026-03-04,601012,14:52:31,17.6600,842,1
2026-03-04,601012,14:52:34,17.6600,527,2
2026-03-04,601012,14:52:37,17.6600,189,2
2026-03-04,601012,14:52:40,17.6600,466,2
2026-03-04,601012,14:52:43,17.6600,265,2
2026-03-04,601012,14:52:46,17.6600,280,1
2026-03-04,601012,14:52:49,17.6600,592,1
2026-03-04,601012,14:52:52,17.6600,118,1
2026-03-04,601012,14:52:55,17.6600,317,1
2026-03-04,601012,14:52:58,17.6600,964,1
2026-03-04,601012,14:53:01,17.6500,247,2
2026-03-04,601012,14:53:04,17.6500,1726,2
2026-03-04,601012,14:53:07,17.6500,207,2
2026-03-04,601012,14:53:10,17.6500,385,2
2026-03-04,601012,14:53:13,17.6500,223,2
2026-03-04,601012,14:53:16,17.6600,433,1
2026-03-04,601012,14:53:19,17.6600,239,1
2026-03-04,601012,14:53:22,17.6500,189,2
2026-03-04,601012,14:53:25,17.6600,252,1
2026-03-04,601012,14:53:28,17.6600,220,1
2026-03-04,601012,14:53:31,17.6600,174,1
2026-03-04,601012,14:53:34,17.6600,382,1
2026-03-04,601012,14:53:37,17.6500,911,2
2026-03-04,601012,14:53:40,17.6500,435,2
2026-03-04,601012,14:53:43,17.6600,268,1
2026-03-04,601012,14:53:46,17.6600,367,1
2026-03-04,601012,14:53:49,17.6500,438,2
2026-03-04,601012,14:53:52,17.6500,257,2
2026-03-04,601012,14:53:55,17.6600,312,1
2026-03-04,601012,14:53:58,17.6600,196,1
2026-03-04,601012,14:54:01,17.6600,1506,1
2026-03-04,601012,14:54:04,17.6600,230,1
2026-03-04,601012,14:54:07,17.6600,182,2
2026-03-04,601012,14:54:10,17.6500,253,2
2026-03-04,601012,14:54:13,17.6600,168,1
2026-03-04,601012,14:54:16,17.6500,330,2
2026-03-04,601012,14:54:19,17.6500,832,2
2026-03-04,601012,14:54:22,17.6600,118,1
2026-03-04,601012,14:54:25,17.6600,196,1
2026-03-04,601012,14:54:28,17.6500,229,2
2026-03-04,601012,14:54:31,17.6600,692,1
2026-03-04,601012,14:54:34,17.6600,458,2
2026-03-04,601012,14:54:37,17.6600,274,1
2026-03-04,601012,14:54:40,17.6700,454,1
2026-03-04,601012,14:54:43,17.6600,358,2
2026-03-04,601012,14:54:46,17.6600,190,2
2026-03-04,601012,14:54:49,17.6600,351,2
2026-03-04,601012,14:54:52,17.6600,329,2
2026-03-04,601012,14:54:55,17.6600,483,1
2026-03-04,601012,14:54:58,17.6600,309,1
2026-03-04,601012,14:55:01,17.6600,1203,1
2026-03-04,601012,14:55:04,17.6600,1350,2
2026-03-04,601012,14:55:07,17.6600,863,2
2026-03-04,601012,14:55:10,17.6600,285,1
2026-03-04,601012,14:55:13,17.6700,673,1
2026-03-04,601012,14:55:16,17.6600,162,1
2026-03-04,601012,14:55:19,17.6600,376,2
2026-03-04,601012,14:55:22,17.6700,225,1
2026-03-04,601012,14:55:25,17.6700,343,1
2026-03-04,601012,14:55:28,17.6700,318,1
2026-03-04,601012,14:55:31,17.6700,195,1
2026-03-04,601012,14:55:34,17.6700,309,1
2026-03-04,601012,14:55:37,17.6600,560,2
2026-03-04,601012,14:55:40,17.6600,588,2
2026-03-04,601012,14:55:43,17.6600,232,2
2026-03-04,601012,14:55:46,17.6600,929,2
2026-03-04,601012,14:55:49,17.6600,230,4
2026-03-04,601012,14:55:52,17.6600,214,2
2026-03-04,601012,14:55:55,17.6600,437,2
2026-03-04,601012,14:55:58,17.6600,546,1
2026-03-04,601012,14:56:01,17.6600,317,1
2026-03-04,601012,14:56:04,17.6600,492,2
2026-03-04,601012,14:56:07,17.6600,352,1
2026-03-04,601012,14:56:10,17.6700,174,1
2026-03-04,601012,14:56:13,17.6700,288,1
2026-03-04,601012,14:56:16,17.6700,1170,1
2026-03-04,601012,14:56:19,17.6600,202,2
2026-03-04,601012,14:56:22,17.6600,505,2
2026-03-04,601012,14:56:25,17.6600,532,2
2026-03-04,601012,14:56:28,17.6700,632,1
2026-03-04,601012,14:56:31,17.6700,259,1
2026-03-04,601012,14:56:34,17.6700,430,1
2026-03-04,601012,14:56:37,17.6700,361,1
2026-03-04,601012,14:56:40,17.6600,310,2
2026-03-04,601012,14:56:43,17.6700,167,1
2026-03-04,601012,14:56:46,17.6700,194,1
2026-03-04,601012,14:56:49,17.6700,192,1
2026-03-04,601012,14:56:52,17.6700,776,1
2026-03-04,601012,14:56:55,17.6600,369,2
2026-03-04,601012,14:56:58,17.6600,303,2
2026-03-04,601012,14:57:01,17.6600,272,2
2026-03-04,601012,15:00:01,17.6600,20232,4
2026-03-04,601012,13:17:01,17.6900,46,1
2026-03-04,601012,13:17:04,17.6900,257,1
2026-03-04,601012,13:17:07,17.6900,491,1
2026-03-04,601012,13:17:10,17.6900,46,2
2026-03-04,601012,13:17:13,17.6900,54,2
2026-03-04,601012,13:17:16,17.7000,65,1
2026-03-04,601012,13:17:19,17.7000,68,1
2026-03-04,601012,13:17:22,17.7000,165,1
2026-03-04,601012,13:17:25,17.7000,83,1
2026-03-04,601012,13:17:28,17.7000,440,1
2026-03-04,601012,13:17:31,17.7000,326,1
2026-03-04,601012,13:17:34,17.7000,10,2
2026-03-04,601012,13:17:37,17.7000,93,2
2026-03-04,601012,13:17:40,17.7100,15,1
2026-03-04,601012,13:17:43,17.7000,69,2
2026-03-04,601012,13:17:46,17.7100,5,2
2026-03-04,601012,13:17:49,17.7100,25,2
2026-03-04,601012,13:17:52,17.7200,34,1
2026-03-04,601012,13:17:55,17.7200,162,1
2026-03-04,601012,13:17:58,17.7200,91,1
2026-03-04,601012,13:18:01,17.7200,115,1
2026-03-04,601012,13:18:04,17.7300,95,1
2026-03-04,601012,13:18:07,17.7300,135,1
2026-03-04,601012,13:18:10,17.7300,111,1
2026-03-04,601012,13:18:13,17.7300,518,1
2026-03-04,601012,13:18:16,17.7300,361,1
2026-03-04,601012,13:18:19,17.7200,159,2
2026-03-04,601012,13:18:22,17.7100,169,2
2026-03-04,601012,13:18:25,17.7100,699,2
2026-03-04,601012,13:18:28,17.7100,186,1
2026-03-04,601012,13:18:31,17.7100,174,1
2026-03-04,601012,13:18:34,17.7100,346,1
2026-03-04,601012,13:18:37,17.7100,41,1
2026-03-04,601012,13:18:40,17.7100,106,1
2026-03-04,601012,13:18:43,17.7100,65,1
2026-03-04,601012,13:18:46,17.7100,309,1
2026-03-04,601012,13:18:49,17.7000,148,2
2026-03-04,601012,13:18:52,17.7100,68,1
2026-03-04,601012,13:18:55,17.7100,45,1
2026-03-04,601012,13:18:58,17.7100,162,1
2026-03-04,601012,13:19:01,17.7100,45,1
2026-03-04,601012,13:19:04,17.7100,93,2
2026-03-04,601012,13:19:07,17.7200,72,1
2026-03-04,601012,13:19:10,17.7100,445,2
2026-03-04,601012,13:19:13,17.7100,19,1
2026-03-04,601012,13:19:16,17.7100,56,1
2026-03-04,601012,13:19:19,17.7100,150,1
2026-03-04,601012,13:19:22,17.7100,116,1
2026-03-04,601012,13:19:25,17.7100,124,1
2026-03-04,601012,13:19:28,17.7100,169,1
2026-03-04,601012,13:19:31,17.7100,67,2
2026-03-04,601012,13:19:34,17.7100,179,2
2026-03-04,601012,13:19:37,17.7100,86,1
2026-03-04,601012,13:19:40,17.7100,45,1
2026-03-04,601012,13:19:43,17.7100,162,1
2026-03-04,601012,13:19:46,17.7100,215,1
2026-03-04,601012,13:19:49,17.7000,165,2
2026-03-04,601012,13:19:52,17.7000,93,2
2026-03-04,601012,13:19:55,17.7000,65,2
2026-03-04,601012,13:19:58,17.7000,1266,2
2026-03-04,601012,13:20:01,17.7000,555,1
2026-03-04,601012,13:20:04,17.7000,18,1
2026-03-04,601012,13:20:07,17.7000,214,1
2026-03-04,601012,13:20:10,17.7000,288,1
2026-03-04,601012,13:20:13,17.7000,183,1
2026-03-04,601012,13:20:16,17.7000,295,1
2026-03-04,601012,13:20:19,17.7000,87,1
2026-03-04,601012,13:20:22,17.6900,189,2
2026-03-04,601012,13:20:25,17.7000,68,1
2026-03-04,601012,13:20:28,17.7000,58,1
2026-03-04,601012,13:20:31,17.6900,8,2
2026-03-04,601012,13:20:34,17.7000,116,1
2026-03-04,601012,13:20:37,17.7000,16,1
2026-03-04,601012,13:20:40,17.7000,126,1
2026-03-04,601012,13:20:43,17.6900,77,2
2026-03-04,601012,13:20:46,17.7000,151,1
2026-03-04,601012,13:20:49,17.7000,28,1
2026-03-04,601012,13:20:52,17.7000,677,1
2026-03-04,601012,13:20:55,17.7000,65,4
2026-03-04,601012,13:20:58,17.7000,89,4
2026-03-04,601012,13:21:01,17.6900,363,2
2026-03-04,601012,13:21:04,17.7000,35,1
2026-03-04,601012,13:21:07,17.7000,29,1
2026-03-04,601012,13:21:10,17.6900,55,2
2026-03-04,601012,13:21:13,17.7000,60,1
2026-03-04,601012,13:21:16,17.6900,55,2
2026-03-04,601012,13:21:19,17.7000,42,1
2026-03-04,601012,13:21:22,17.7000,34,1
2026-03-04,601012,13:21:25,17.7000,401,1
2026-03-04,601012,13:21:28,17.7000,46,1
2026-03-04,601012,13:21:31,17.7000,58,1
2026-03-04,601012,13:21:34,17.7000,151,1
2026-03-04,601012,13:21:37,17.7000,398,1
2026-03-04,601012,13:21:40,17.6900,741,2
2026-03-04,601012,13:21:43,17.6900,114,1
2026-03-04,601012,13:21:46,17.7000,524,1
2026-03-04,601012,13:21:49,17.6800,572,2
2026-03-04,601012,13:21:52,17.6800,826,2
2026-03-04,601012,13:21:55,17.6900,134,1
2026-03-04,601012,13:21:58,17.6800,945,4
2026-03-04,601012,13:22:01,17.6800,516,1
2026-03-04,601012,13:22:04,17.6600,864,2
2026-03-04,601012,13:22:07,17.6800,42,1
2026-03-04,601012,13:22:10,17.6600,77,2
2026-03-04,601012,13:22:13,17.6800,129,1
2026-03-04,601012,13:22:16,17.6700,140,2
2026-03-04,601012,13:22:19,17.6800,44,1
2026-03-04,601012,13:22:22,17.6700,103,2
2026-03-04,601012,13:22:25,17.6700,107,2
2026-03-04,601012,13:22:28,17.6700,470,2
2026-03-04,601012,13:22:31,17.6700,135,2
2026-03-04,601012,13:22:34,17.6700,45,1
2026-03-04,601012,13:22:37,17.6800,30,1
2026-03-04,601012,13:22:40,17.6700,143,2
2026-03-04,601012,13:22:43,17.6600,1910,2
2026-03-04,601012,13:22:46,17.6600,23,1
2026-03-04,601012,13:22:49,17.6500,66,2
2026-03-04,601012,13:22:52,17.6600,35,1
2026-03-04,601012,13:22:55,17.6600,87,2
2026-03-04,601012,13:22:58,17.6500,64,2
2026-03-04,601012,13:23:01,17.6600,54,1
2026-03-04,601012,13:23:04,17.6600,61,2
2026-03-04,601012,13:23:07,17.6600,122,2
2026-03-04,601012,13:23:10,17.6600,112,2
2026-03-04,601012,13:23:13,17.6600,29,1
2026-03-04,601012,13:23:16,17.6600,57,1
2026-03-04,601012,13:23:19,17.6600,64,1
2026-03-04,601012,13:23:22,17.6600,82,1
2026-03-04,601012,13:23:25,17.6600,132,1
2026-03-04,601012,13:23:28,17.6500,141,2
2026-03-04,601012,13:23:31,17.6500,76,2
2026-03-04,601012,13:23:34,17.6600,27,1
2026-03-04,601012,13:23:37,17.6600,50,1
2026-03-04,601012,13:23:40,17.6600,134,1
2026-03-04,601012,13:23:43,17.6600,70,1
2026-03-04,601012,13:23:46,17.6500,88,2
2026-03-04,601012,13:23:49,17.6500,244,2
2026-03-04,601012,13:23:52,17.6600,98,1
2026-03-04,601012,13:23:55,17.6600,23,2
2026-03-04,601012,13:23:58,17.6600,71,2
2026-03-04,601012,13:24:01,17.6600,50,2
2026-03-04,601012,13:24:04,17.6600,43,2
2026-03-04,601012,13:24:07,17.6700,86,1
2026-03-04,601012,13:24:10,17.6600,35,2
2026-03-04,601012,13:24:13,17.6700,57,1
2026-03-04,601012,13:24:16,17.6700,18,1
2026-03-04,601012,13:24:19,17.6600,320,2
2026-03-04,601012,13:24:22,17.6700,112,1
2026-03-04,601012,13:24:25,17.6700,39,1
2026-03-04,601012,13:24:28,17.6600,112,2
2026-03-04,601012,13:24:31,17.6600,200,2
2026-03-04,601012,13:24:34,17.6600,94,1
2026-03-04,601012,13:24:37,17.6600,65,1
2026-03-04,601012,13:24:40,17.6600,96,1
2026-03-04,601012,13:24:43,17.6600,141,1
2026-03-04,601012,13:24:46,17.6600,46,1
2026-03-04,601012,13:24:49,17.6600,77,1
2026-03-04,601012,13:24:52,17.6600,153,1
2026-03-04,601012,13:24:55,17.6500,250,2
2026-03-04,601012,13:24:58,17.6600,90,1
2026-03-04,601012,13:25:01,17.6500,136,2
2026-03-04,601012,13:25:04,17.6600,41,1
2026-03-04,601012,13:25:07,17.6600,68,1
2026-03-04,601012,13:25:10,17.6600,150,2
2026-03-04,601012,13:25:13,17.6600,13,1
2026-03-04,601012,13:25:16,17.6600,56,1
2026-03-04,601012,13:25:19,17.6600,33,1
2026-03-04,601012,13:25:22,17.6600,94,1
2026-03-04,601012,13:25:25,17.6500,316,2
2026-03-04,601012,13:25:28,17.6600,170,1
2026-03-04,601012,13:25:31,17.6600,168,1
2026-03-04,601012,13:25:34,17.6600,714,1
2026-03-04,601012,13:25:37,17.6600,23,1
2026-03-04,601012,13:25:40,17.6600,64,1
2026-03-04,601012,13:25:43,17.6600,173,1
2026-03-04,601012,13:25:46,17.6600,28,1
2026-03-04,601012,13:25:49,17.6600,165,1
2026-03-04,601012,13:25:52,17.6600,906,1
2026-03-04,601012,13:25:55,17.6600,96,1
2026-03-04,601012,13:25:58,17.6500,155,2
2026-03-04,601012,13:26:01,17.6600,94,1
2026-03-04,601012,13:26:04,17.6500,119,2
2026-03-04,601012,13:26:07,17.6600,31,2
2026-03-04,601012,13:26:10,17.6600,90,1
2026-03-04,601012,13:26:13,17.6600,24,1
2026-03-04,601012,13:26:16,17.6600,153,1
2026-03-04,601012,13:26:19,17.6600,63,1
2026-03-04,601012,13:26:22,17.6600,59,1
2026-03-04,601012,13:26:25,17.6600,92,2
2026-03-04,601012,13:26:28,17.6700,141,1
2026-03-04,601012,13:26:31,17.6600,114,2
2026-03-04,601012,13:26:34,17.6600,77,2
2026-03-04,601012,13:26:37,17.6600,1,2
2026-03-04,601012,13:26:40,17.6600,62,2
2026-03-04,601012,13:26:43,17.6600,25,2
2026-03-04,601012,13:26:46,17.6700,110,1
2026-03-04,601012,13:26:49,17.6700,43,1
2026-03-04,601012,13:26:52,17.6600,94,2
2026-03-04,601012,13:26:55,17.6700,98,1
2026-03-04,601012,13:26:58,17.6700,53,1
2026-03-04,601012,13:27:01,17.6700,136,1
2026-03-04,601012,13:27:04,17.6600,47,2
2026-03-04,601012,13:27:07,17.6700,53,1
2026-03-04,601012,13:27:10,17.6700,60,1
2026-03-04,601012,13:27:13,17.6700,168,1
2026-03-04,601012,13:27:16,17.6700,77,1
2026-03-04,601012,13:27:19,17.6700,36,1
2026-03-04,601012,13:27:22,17.6700,67,1
2026-03-04,601012,13:27:25,17.6700,43,1
2026-03-04,601012,13:27:28,17.6700,94,1
2026-03-04,601012,13:27:31,17.6700,124,1
2026-03-04,601012,13:27:34,17.6700,173,1
2026-03-04,601012,13:27:37,17.6700,31,1
2026-03-04,601012,13:27:40,17.6700,41,1
2026-03-04,601012,13:27:43,17.6700,31,1
2026-03-04,601012,13:27:46,17.6700,120,1
2026-03-04,601012,13:27:49,17.6600,69,2
2026-03-04,601012,13:27:52,17.6600,89,2
2026-03-04,601012,13:27:55,17.6700,253,1
2026-03-04,601012,13:27:58,17.6600,35,2
2026-03-04,601012,13:28:01,17.6700,58,1
2026-03-04,601012,13:28:04,17.6700,78,1
2026-03-04,601012,13:28:07,17.6700,192,1
2026-03-04,601012,13:28:10,17.6600,224,2
2026-03-04,601012,13:28:13,17.6600,2503,2
2026-03-04,601012,13:28:16,17.6600,158,1
2026-03-04,601012,13:28:19,17.6600,103,1
2026-03-04,601012,13:28:22,17.6600,103,1
2026-03-04,601012,13:28:25,17.6500,118,2
2026-03-04,601012,13:28:28,17.6500,77,2
2026-03-04,601012,13:28:31,17.6600,92,1
2026-03-04,601012,13:28:34,17.6600,129,1
2026-03-04,601012,13:28:37,17.6500,37,2
2026-03-04,601012,13:28:40,17.6600,1833,1
2026-03-04,601012,13:28:43,17.6600,46,1
2026-03-04,601012,13:28:46,17.6600,51,1
2026-03-04,601012,13:28:49,17.6500,290,2
2026-03-04,601012,13:28:52,17.6500,600,2
2026-03-04,601012,13:28:55,17.6600,131,1
2026-03-04,601012,13:28:58,17.6600,66,1
2026-03-04,601012,13:29:01,17.6600,142,1
2026-03-04,601012,13:29:04,17.6600,332,1
2026-03-04,601012,13:29:07,17.6600,222,1
2026-03-04,601012,13:29:10,17.6600,79,2
2026-03-04,601012,13:29:13,17.6700,35,1
2026-03-04,601012,13:29:16,17.6600,204,2
2026-03-04,601012,13:29:19,17.6600,25,2
2026-03-04,601012,13:29:22,17.6700,63,1
2026-03-04,601012,13:29:25,17.6700,7,1
2026-03-04,601012,13:29:28,17.6700,39,1
2026-03-04,601012,13:29:31,17.6700,136,1
2026-03-04,601012,13:29:34,17.6700,151,1
2026-03-04,601012,13:29:37,17.6700,63,1
2026-03-04,601012,13:29:40,17.6700,52,1
2026-03-04,601012,13:29:43,17.6700,64,1
2026-03-04,601012,13:29:46,17.6700,155,1
2026-03-04,601012,13:29:49,17.6700,1,2
2026-03-04,601012,13:29:52,17.6800,904,1
2026-03-04,601012,13:29:55,17.6800,287,2
2026-03-04,601012,13:29:58,17.6800,119,1
2026-03-04,601012,13:30:01,17.6800,103,1
2026-03-04,601012,13:30:04,17.6700,1309,2
2026-03-04,601012,13:30:07,17.6800,628,1
2026-03-04,601012,13:30:10,17.6600,101,2
2026-03-04,601012,13:30:13,17.6600,42,2
2026-03-04,601012,13:30:16,17.6600,641,2
2026-03-04,601012,13:30:19,17.6700,257,1
2026-03-04,601012,13:30:22,17.6700,20,1
2026-03-04,601012,13:30:25,17.6700,7,1
2026-03-04,601012,13:30:28,17.6600,38,2
2026-03-04,601012,13:30:31,17.6700,92,1
2026-03-04,601012,13:30:34,17.6600,86,2
2026-03-04,601012,13:30:37,17.6600,1024,2
2026-03-04,601012,13:30:40,17.6600,754,1
2026-03-04,601012,13:30:43,17.6600,34,1
2026-03-04,601012,13:30:46,17.6500,70,2
2026-03-04,601012,13:30:49,17.6700,13,1
2026-03-04,601012,13:30:52,17.6600,60,2
2026-03-04,601012,13:30:55,17.6600,62,2
2026-03-04,601012,13:30:58,17.6700,171,1
2026-03-04,601012,13:31:01,17.6700,72,1
2026-03-04,601012,13:31:04,17.6700,115,1
2026-03-04,601012,13:31:07,17.6700,166,1
2026-03-04,601012,13:31:10,17.6600,51,2
2026-03-04,601012,13:31:13,17.6600,99,2
2026-03-04,601012,13:31:16,17.6700,54,1
2026-03-04,601012,13:31:19,17.6700,22,1
2026-03-04,601012,13:31:22,17.6700,85,1
2026-03-04,601012,13:31:25,17.6600,60,2
2026-03-04,601012,13:31:28,17.6700,221,1
2026-03-04,601012,13:31:31,17.6600,18,2
2026-03-04,601012,13:31:34,17.6700,26,1
2026-03-04,601012,13:31:37,17.6700,66,1
2026-03-04,601012,13:31:40,17.6700,405,1
2026-03-04,601012,13:31:43,17.6700,77,1
2026-03-04,601012,13:31:46,17.6700,55,1
2026-03-04,601012,13:31:49,17.6700,255,1
2026-03-04,601012,13:31:52,17.6600,58,2
2026-03-04,601012,13:31:55,17.6700,32,1
2026-03-04,601012,13:31:58,17.6600,17,2
2026-03-04,601012,13:32:01,17.6700,84,1
2026-03-04,601012,13:32:04,17.6700,85,1
2026-03-04,601012,13:32:07,17.6700,18,1
2026-03-04,601012,13:32:10,17.6700,46,1
2026-03-04,601012,13:32:13,17.6700,103,1
2026-03-04,601012,13:32:16,17.6700,100,1
2026-03-04,601012,13:32:19,17.6600,129,2
2026-03-04,601012,13:32:22,17.6700,270,1
2026-03-04,601012,13:32:25,17.6700,231,1
2026-03-04,601012,13:32:28,17.6600,98,2
2026-03-04,601012,13:32:31,17.6700,337,1
2026-03-04,601012,13:32:34,17.6600,203,2
2026-03-04,601012,13:32:37,17.6600,75,2
2026-03-04,601012,13:32:40,17.6700,57,1
2026-03-04,601012,13:32:43,17.6600,15,2
2026-03-04,601012,13:32:46,17.6700,145,1
2026-03-04,601012,13:32:49,17.6600,84,2
2026-03-04,601012,13:32:52,17.6700,14,1
2026-03-04,601012,13:32:55,17.6600,144,2
2026-03-04,601012,13:32:58,17.6600,55,2
2026-03-04,601012,13:33:01,17.6600,122,2
2026-03-04,601012,13:33:04,17.6600,35,2
2026-03-04,601012,13:33:07,17.6600,28,2
2026-03-04,601012,13:33:10,17.6600,30,2
2026-03-04,601012,13:33:13,17.6700,12,1
2026-03-04,601012,13:33:16,17.6700,998,1
2026-03-04,601012,13:33:19,17.6700,48,2
2026-03-04,601012,13:33:22,17.6700,31,2
2026-03-04,601012,13:33:25,17.6800,21,1
2026-03-04,601012,13:33:28,17.6800,73,1
2026-03-04,601012,13:33:31,17.6800,28,1
2026-03-04,601012,13:33:34,17.6800,47,1
2026-03-04,601012,13:33:37,17.6800,185,1
2026-03-04,601012,13:33:40,17.6800,16,1
2026-03-04,601012,13:33:43,17.6800,553,1
2026-03-04,601012,13:33:46,17.6800,120,2
2026-03-04,601012,13:33:49,17.6800,121,2
2026-03-04,601012,13:33:52,17.6800,150,2
2026-03-04,601012,13:33:55,17.6900,103,1
2026-03-04,601012,13:33:58,17.6800,242,2
2026-03-04,601012,13:34:01,17.6900,86,1
2026-03-04,601012,13:34:04,17.6900,38,1
2026-03-04,601012,13:34:07,17.6900,44,1
2026-03-04,601012,13:34:10,17.6900,87,1
2026-03-04,601012,13:34:13,17.6900,60,1
2026-03-04,601012,13:34:16,17.6900,68,1
2026-03-04,601012,13:34:19,17.6900,13,1
2026-03-04,601012,13:34:22,17.6900,133,1
2026-03-04,601012,13:34:25,17.6800,91,2
2026-03-04,601012,13:34:28,17.6900,2041,1
2026-03-04,601012,13:34:31,17.6900,62,2
2026-03-04,601012,13:34:34,17.7000,63,1
2026-03-04,601012,13:34:37,17.7000,422,1
2026-03-04,601012,13:34:40,17.7000,249,1
2026-03-04,601012,13:34:43,17.6900,165,2
2026-03-04,601012,13:34:46,17.7000,430,1
2026-03-04,601012,13:34:49,17.7000,106,1
2026-03-04,601012,13:34:52,17.7000,633,1
2026-03-04,601012,13:34:55,17.7000,192,4
2026-03-04,601012,13:34:58,17.7100,279,1
2026-03-04,601012,13:35:01,17.7100,62,1
2026-03-04,601012,13:35:04,17.7100,139,1
2026-03-04,601012,13:35:07,17.7100,86,1
2026-03-04,601012,13:35:10,17.7100,150,2
2026-03-04,601012,13:35:13,17.7100,25,1
2026-03-04,601012,13:35:16,17.7100,15,2
2026-03-04,601012,13:35:19,17.7200,42,1
2026-03-04,601012,13:35:22,17.7100,178,2
2026-03-04,601012,13:35:25,17.7100,56,2
2026-03-04,601012,13:35:28,17.7100,524,2
2026-03-04,601012,13:35:31,17.7200,237,1
2026-03-04,601012,13:35:34,17.7200,1,2
2026-03-04,601012,13:35:37,17.7200,572,2
2026-03-04,601012,13:35:40,17.7200,170,2
2026-03-04,601012,13:35:43,17.7300,653,1
2026-03-04,601012,13:35:46,17.7200,39,2
2026-03-04,601012,13:35:49,17.7300,12,2
2026-03-04,601012,13:35:52,17.7300,136,2
2026-03-04,601012,13:35:55,17.7300,94,2
2026-03-04,601012,13:35:58,17.7400,108,1
2026-03-04,601012,13:36:01,17.7400,70,1
2026-03-04,601012,13:36:04,17.7400,255,1
2026-03-04,601012,13:36:07,17.7300,297,2
2026-03-04,601012,13:36:10,17.7300,28,1
2026-03-04,601012,13:36:13,17.7300,477,1
2026-03-04,601012,13:36:16,17.7300,97,2
2026-03-04,601012,13:36:19,17.7300,90,2
2026-03-04,601012,13:36:22,17.7300,47,2
2026-03-04,601012,13:36:25,17.7300,105,2
2026-03-04,601012,13:36:28,17.7300,117,2
2026-03-04,601012,13:36:31,17.7300,85,2
2026-03-04,601012,13:36:34,17.7400,58,1
2026-03-04,601012,13:36:37,17.7300,37,2
2026-03-04,601012,13:36:40,17.7300,676,2
2026-03-04,601012,13:36:43,17.7400,237,1
2026-03-04,601012,13:36:46,17.7400,68,1
2026-03-04,601012,13:36:49,17.7400,53,1
2026-03-04,601012,13:36:52,17.7300,166,2
2026-03-04,601012,13:36:55,17.7300,147,2
2026-03-04,601012,13:36:58,17.7300,146,2
2026-03-04,601012,13:37:01,17.7400,45,1
2026-03-04,601012,13:37:04,17.7300,100,2
2026-03-04,601012,13:37:07,17.7400,30,1
2026-03-04,601012,13:37:10,17.7400,153,1
2026-03-04,601012,13:37:13,17.7300,90,2
2026-03-04,601012,13:37:16,17.7300,69,1
2026-03-04,601012,13:37:19,17.7300,50,1
2026-03-04,601012,13:37:22,17.7300,149,1
2026-03-04,601012,13:37:25,17.7300,185,1
2026-03-04,601012,13:37:28,17.7300,5,1
2026-03-04,601012,13:37:31,17.7200,70,2
2026-03-04,601012,13:37:34,17.7300,316,1
2026-03-04,601012,13:37:37,17.7200,106,2
2026-03-04,601012,13:37:40,17.7300,12,1
2026-03-04,601012,13:37:43,17.7300,81,2
2026-03-04,601012,13:37:46,17.7300,69,2
2026-03-04,601012,13:37:49,17.7300,166,2
2026-03-04,601012,13:37:52,17.7200,58,2
2026-03-04,601012,13:37:55,17.7300,52,1
2026-03-04,601012,13:37:58,17.7200,19,2
2026-03-04,601012,13:38:01,17.7300,42,1
2026-03-04,601012,13:38:04,17.7200,14,2
2026-03-04,601012,13:38:07,17.7300,838,1
2026-03-04,601012,13:38:10,17.7300,103,2
2026-03-04,601012,13:38:13,17.7400,47,1
2026-03-04,601012,13:38:16,17.7400,40,1
2026-03-04,601012,13:38:19,17.7300,126,2
2026-03-04,601012,13:38:22,17.7400,196,1
2026-03-04,601012,13:38:25,17.7400,35,1
2026-03-04,601012,13:38:28,17.7400,13,1
2026-03-04,601012,13:38:31,17.7300,434,2
2026-03-04,601012,13:38:34,17.7400,904,1
2026-03-04,601012,13:38:37,17.7300,118,2
2026-03-04,601012,13:38:40,17.7300,296,2
2026-03-04,601012,13:38:43,17.7400,441,1
2026-03-04,601012,13:38:46,17.7400,297,1
2026-03-04,601012,13:38:49,17.7400,4,2
2026-03-04,601012,13:38:52,17.7400,374,2
2026-03-04,601012,13:38:55,17.7500,42,1
2026-03-04,601012,13:38:58,17.7500,158,1
2026-03-04,601012,13:39:01,17.7400,172,2
2026-03-04,601012,13:39:04,17.7400,82,1
2026-03-04,601012,13:39:07,17.7400,57,1
2026-03-04,601012,13:39:10,17.7400,39,2
2026-03-04,601012,13:39:13,17.7500,70,1
2026-03-04,601012,13:39:16,17.7400,126,2
2026-03-04,601012,13:39:19,17.7400,228,2
2026-03-04,601012,13:39:22,17.7400,284,2
2026-03-04,601012,13:39:25,17.7400,266,2
2026-03-04,601012,13:39:28,17.7400,84,2
2026-03-04,601012,13:39:31,17.7500,638,1
2026-03-04,601012,13:39:37,17.7600,10,1
2026-03-04,601012,13:39:40,17.7600,30,1
2026-03-04,601012,13:39:43,17.7500,375,2
2026-03-04,601012,13:39:46,17.7600,577,1
2026-03-04,601012,13:39:49,17.7600,152,1
2026-03-04,601012,13:39:52,17.7500,132,2
2026-03-04,601012,13:39:55,17.7500,131,1
2026-03-04,601012,13:39:58,17.7500,193,1
2026-03-04,601012,13:40:01,17.7600,232,1
2026-03-04,601012,13:40:04,17.7600,408,1
2026-03-04,601012,13:40:07,17.7600,28,2
2026-03-04,601012,13:40:10,17.7700,30,1
2026-03-04,601012,13:40:13,17.7600,9,2
2026-03-04,601012,13:40:16,17.7800,665,1
2026-03-04,601012,13:40:19,17.7800,10,1
2026-03-04,601012,13:40:22,17.7800,150,1
2026-03-04,601012,13:40:25,17.7700,172,2
2026-03-04,601012,13:40:28,17.7800,157,1
2026-03-04,601012,13:40:31,17.7700,55,2
2026-03-04,601012,13:40:34,17.7800,91,1
2026-03-04,601012,13:40:37,17.7800,166,1
2026-03-04,601012,13:40:40,17.7700,220,2
2026-03-04,601012,13:40:43,17.7800,254,1
2026-03-04,601012,13:40:46,17.7800,37,1
2026-03-04,601012,13:40:49,17.7800,132,1
2026-03-04,601012,13:40:52,17.7800,252,1
2026-03-04,601012,13:40:55,17.7700,216,2
2026-03-04,601012,13:40:58,17.7700,72,2
2026-03-04,601012,13:41:01,17.7800,158,1
2026-03-04,601012,13:41:04,17.7800,135,1
2026-03-04,601012,13:41:07,17.7800,58,1
2026-03-04,601012,13:41:10,17.7800,124,1
2026-03-04,601012,13:41:13,17.7800,77,1
2026-03-04,601012,13:41:16,17.7800,68,1
2026-03-04,601012,13:41:19,17.7800,79,1
2026-03-04,601012,13:41:22,17.7700,224,2
2026-03-04,601012,13:41:25,17.7800,326,1
2026-03-04,601012,13:41:28,17.7800,110,1
2026-03-04,601012,13:41:31,17.7800,194,1
2026-03-04,601012,13:41:34,17.7800,131,1
2026-03-04,601012,13:41:37,17.7800,111,1
2026-03-04,601012,13:41:40,17.7800,128,1
2026-03-04,601012,13:41:43,17.7800,1687,1
2026-03-04,601012,13:41:46,17.7800,179,2
2026-03-04,601012,13:41:49,17.7800,113,2
2026-03-04,601012,13:41:52,17.7800,95,2
2026-03-04,601012,13:41:55,17.7800,611,2
2026-03-04,601012,13:41:58,17.7800,390,1
2026-03-04,601012,13:42:01,17.7800,85,1
2026-03-04,601012,13:42:04,17.7700,209,2
2026-03-04,601012,13:42:07,17.7800,67,1
2026-03-04,601012,13:42:10,17.7800,217,1
2026-03-04,601012,13:42:13,17.7700,51,2
2026-03-04,601012,13:42:16,17.7700,48,2
2026-03-04,601012,13:42:19,17.7700,150,2
2026-03-04,601012,13:42:22,17.7700,240,2
2026-03-04,601012,13:42:25,17.7800,142,1
2026-03-04,601012,13:42:28,17.7700,224,2
2026-03-04,601012,13:42:31,17.7800,70,1
2026-03-04,601012,13:42:34,17.7700,552,2
2026-03-04,601012,13:42:37,17.7700,655,2
2026-03-04,601012,13:42:40,17.7700,112,2
2026-03-04,601012,13:42:43,17.7700,86,2
2026-03-04,601012,13:42:46,17.7700,219,2
2026-03-04,601012,13:42:49,17.7700,108,2
2026-03-04,601012,13:42:52,17.7700,224,2
2026-03-04,601012,13:42:55,17.7800,225,1
2026-03-04,601012,13:42:58,17.7800,297,1
2026-03-04,601012,13:43:01,17.7700,422,2
2026-03-04,601012,13:43:04,17.7800,3517,1
2026-03-04,601012,13:43:07,17.7700,1554,2
2026-03-04,601012,13:43:10,17.7700,77,1
2026-03-04,601012,13:43:13,17.7700,120,1
2026-03-04,601012,13:43:16,17.7600,46,2
2026-03-04,601012,13:43:19,17.7600,52,2
2026-03-04,601012,13:43:22,17.7600,158,2
2026-03-04,601012,13:43:25,17.7600,276,2
2026-03-04,601012,13:43:28,17.7600,138,2
2026-03-04,601012,13:43:31,17.7600,97,2
2026-03-04,601012,13:43:34,17.7600,62,1
2026-03-04,601012,13:43:37,17.7600,99,1
2026-03-04,601012,13:43:40,17.7600,154,1
2026-03-04,601012,13:43:43,17.7600,122,1
2026-03-04,601012,13:43:46,17.7600,82,1
2026-03-04,601012,13:43:49,17.7500,349,2
2026-03-04,601012,13:43:52,17.7500,81,2
2026-03-04,601012,13:43:55,17.7500,282,2
2026-03-04,601012,13:43:58,17.7500,142,2
2026-03-04,601012,13:44:01,17.7500,107,2
2026-03-04,601012,13:44:04,17.7500,119,1
2026-03-04,601012,13:44:07,17.7500,46,1
2026-03-04,601012,13:44:10,17.7400,425,2
2026-03-04,601012,13:44:13,17.7500,615,1
2026-03-04,601012,13:44:16,17.7500,341,4
2026-03-04,601012,13:44:19,17.7400,102,2
2026-03-04,601012,13:44:22,17.7500,159,1
2026-03-04,601012,13:44:25,17.7400,135,2
2026-03-04,601012,13:44:28,17.7500,344,1
2026-03-04,601012,13:44:31,17.7400,12,1
2026-03-04,601012,13:44:34,17.7400,24,1
2026-03-04,601012,13:44:37,17.7400,208,1
2026-03-04,601012,13:44:40,17.7300,78,2
2026-03-04,601012,13:44:43,17.7400,19,1
2026-03-04,601012,13:44:46,17.7400,561,1
2026-03-04,601012,13:44:49,17.7300,54,2
2026-03-04,601012,13:44:52,17.7300,181,2
2026-03-04,601012,13:44:55,17.7300,109,2
2026-03-04,601012,13:44:58,17.7200,6,2
2026-03-04,601012,13:45:01,17.7300,65,1
2026-03-04,601012,13:45:04,17.7300,31,1
2026-03-04,601012,13:45:07,17.7300,131,1
2026-03-04,601012,13:45:10,17.7300,16,1
2026-03-04,601012,13:45:13,17.7300,32,1
2026-03-04,601012,13:45:16,17.7300,140,1
2026-03-04,601012,13:45:19,17.7300,52,1
2026-03-04,601012,13:45:22,17.7300,599,1
2026-03-04,601012,13:45:25,17.7300,57,1
2026-03-04,601012,13:45:28,17.7200,91,2
2026-03-04,601012,13:45:31,17.7200,70,2
2026-03-04,601012,13:45:34,17.7200,28,2
2026-03-04,601012,13:45:37,17.7300,41,1
2026-03-04,601012,13:45:40,17.7300,104,1
2026-03-04,601012,13:45:43,17.7300,33,1
2026-03-04,601012,13:45:46,17.7300,162,1
2026-03-04,601012,13:45:49,17.7300,118,1
2026-03-04,601012,13:45:52,17.7200,136,2
2026-03-04,601012,13:45:55,17.7300,348,1
2026-03-04,601012,13:45:58,17.7300,86,2
2026-03-04,601012,13:46:01,17.7300,219,2
2026-03-04,601012,13:46:04,17.7300,165,2
2026-03-04,601012,13:46:07,17.7300,20,1
2026-03-04,601012,13:46:10,17.7300,67,1
2026-03-04,601012,13:46:13,17.7200,7,2
2026-03-04,601012,13:46:16,17.7300,84,1
2026-03-04,601012,13:46:19,17.7300,34,1
2026-03-04,601012,13:46:22,17.7300,6,1
2026-03-04,601012,13:46:25,17.7300,260,1
2026-03-04,601012,13:46:28,17.7300,252,1
2026-03-04,601012,13:46:31,17.7200,145,2
2026-03-04,601012,13:46:34,17.7300,45,1
2026-03-04,601012,13:46:37,17.7300,105,1
2026-03-04,601012,13:46:40,17.7300,220,1
2026-03-04,601012,13:46:43,17.7300,32,1
2026-03-04,601012,13:46:46,17.7300,91,1
2026-03-04,601012,13:46:49,17.7200,93,2
2026-03-04,601012,13:46:52,17.7200,149,1
2026-03-04,601012,13:46:55,17.7200,46,2
2026-03-04,601012,13:46:58,17.7300,26,1
2026-03-04,601012,13:47:01,17.7300,250,1
2026-03-04,601012,13:47:04,17.7300,139,1
2026-03-04,601012,13:47:07,17.7300,95,1
2026-03-04,601012,13:47:10,17.7300,116,1
2026-03-04,601012,13:47:13,17.7300,102,1
2026-03-04,601012,13:47:16,17.7300,120,1
2026-03-04,601012,13:47:19,17.7300,17,1
2026-03-04,601012,13:47:22,17.7200,43,2
2026-03-04,601012,13:47:25,17.7200,88,2
2026-03-04,601012,13:47:28,17.7300,209,1
2026-03-04,601012,13:47:31,17.7300,6,2
2026-03-04,601012,13:47:34,17.7300,135,2
2026-03-04,601012,13:47:37,17.7300,90,2
2026-03-04,601012,13:47:40,17.7400,59,1
2026-03-04,601012,13:47:43,17.7300,43,2
2026-03-04,601012,13:47:46,17.7400,11,1
2026-03-04,601012,13:47:49,17.7400,67,1
2026-03-04,601012,13:47:52,17.7400,110,1
2026-03-04,601012,13:47:55,17.7400,299,1
2026-03-04,601012,13:47:58,17.7400,36,1
2026-03-04,601012,13:48:01,17.7400,12,1
2026-03-04,601012,13:48:04,17.7400,17,1
2026-03-04,601012,13:48:07,17.7400,323,1
2026-03-04,601012,13:48:10,17.7400,99,1
2026-03-04,601012,13:48:13,17.7300,128,2
2026-03-04,601012,13:48:16,17.7400,76,1
2026-03-04,601012,13:48:19,17.7300,77,2
2026-03-04,601012,13:48:22,17.7400,103,1
2026-03-04,601012,13:48:25,17.7300,31,2
2026-03-04,601012,13:48:28,17.7300,67,2
2026-03-04,601012,13:48:31,17.7300,93,2
2026-03-04,601012,13:48:34,17.7300,62,2
2026-03-04,601012,13:48:37,17.7400,9,1
2026-03-04,601012,13:48:40,17.7300,29,2
2026-03-04,601012,13:48:43,17.7300,103,2
2026-03-04,601012,13:48:46,17.7300,77,2
2026-03-04,601012,13:48:49,17.7400,25,1
2026-03-04,601012,13:48:52,17.7400,280,1
2026-03-04,601012,13:48:55,17.7300,126,2
2026-03-04,601012,13:48:58,17.7300,33,1
2026-03-04,601012,13:49:01,17.7300,134,2
2026-03-04,601012,13:49:04,17.7400,250,1
2026-03-04,601012,13:49:07,17.7300,57,2
2026-03-04,601012,13:49:10,17.7300,34,2
2026-03-04,601012,13:49:13,17.7400,136,1
2026-03-04,601012,13:49:16,17.7300,62,2
2026-03-04,601012,13:49:19,17.7300,89,2
2026-03-04,601012,13:49:22,17.7200,190,2
2026-03-04,601012,13:49:25,17.7200,125,2
2026-03-04,601012,13:49:28,17.7200,22,2
2026-03-04,601012,13:49:31,17.7200,62,2
2026-03-04,601012,13:49:34,17.7300,17,1
2026-03-04,601012,13:49:37,17.7300,151,1
2026-03-04,601012,13:49:40,17.7300,51,1
2026-03-04,601012,13:49:43,17.7300,332,1
2026-03-04,601012,13:49:46,17.7200,51,2
2026-03-04,601012,13:49:49,17.7200,104,2
2026-03-04,601012,13:49:52,17.7200,312,2
2026-03-04,601012,13:49:55,17.7200,34,2
2026-03-04,601012,13:49:58,17.7200,82,2
2026-03-04,601012,13:50:01,17.7300,35,1
2026-03-04,601012,13:50:04,17.7200,105,2
2026-03-04,601012,13:50:07,17.7200,279,2
2026-03-04,601012,13:50:10,17.7200,399,2
2026-03-04,601012,13:50:13,17.7200,97,2
2026-03-04,601012,13:50:16,17.7300,74,1
2026-03-04,601012,13:50:19,17.7200,2,2
2026-03-04,601012,13:50:22,17.7200,202,2
2026-03-04,601012,13:50:25,17.7300,133,1
2026-03-04,601012,13:50:28,17.7200,223,2
2026-03-04,601012,13:50:31,17.7100,43,2
2026-03-04,601012,13:50:34,17.7200,44,1
2026-03-04,601012,13:50:37,17.7200,121,1
2026-03-04,601012,13:50:40,17.7100,80,2
2026-03-04,601012,13:50:43,17.7200,116,1
2026-03-04,601012,13:50:46,17.7200,35,1
2026-03-04,601012,13:50:49,17.7200,28,1
2026-03-04,601012,13:50:52,17.7100,172,2
2026-03-04,601012,13:50:55,17.7200,98,1
2026-03-04,601012,13:50:58,17.7100,48,2
2026-03-04,601012,13:51:01,17.7100,171,2
2026-03-04,601012,13:51:04,17.7200,3,1
2026-03-04,601012,13:51:07,17.7200,341,1
2026-03-04,601012,13:51:10,17.7300,77,1
2026-03-04,601012,13:51:13,17.7200,627,2
2026-03-04,601012,13:51:16,17.7200,30,2
2026-03-04,601012,13:51:19,17.7300,53,1
2026-03-04,601012,13:51:22,17.7300,38,1
2026-03-04,601012,13:51:25,17.7300,244,1
2026-03-04,601012,13:51:28,17.7300,84,2
2026-03-04,601012,13:51:31,17.7400,347,1
2026-03-04,601012,13:51:34,17.7300,26,2
2026-03-04,601012,13:51:37,17.7200,97,2
2026-03-04,601012,13:51:40,17.7300,42,4
2026-03-04,601012,13:51:43,17.7300,18,1
2026-03-04,601012,13:51:46,17.7300,430,1
2026-03-04,601012,13:51:49,17.7400,4,1
2026-03-04,601012,13:51:52,17.7400,10,1
2026-03-04,601012,13:51:55,17.7400,20,1
2026-03-04,601012,13:51:58,17.7400,148,1
2026-03-04,601012,13:52:01,17.7400,202,1
2026-03-04,601012,13:52:04,17.7400,22,1
2026-03-04,601012,13:52:07,17.7400,7,1
2026-03-04,601012,13:52:10,17.7400,140,1
2026-03-04,601012,13:52:13,17.7400,3,1
2026-03-04,601012,13:52:16,17.7400,220,1
2026-03-04,601012,13:52:19,17.7400,93,1
2026-03-04,601012,13:52:22,17.7400,26,1
2026-03-04,601012,13:52:25,17.7400,61,1
2026-03-04,601012,13:52:28,17.7400,47,1
2026-03-04,601012,13:52:31,17.7400,95,1
2026-03-04,601012,13:52:34,17.7400,15,1
2026-03-04,601012,13:52:37,17.7400,74,1
2026-03-04,601012,13:52:40,17.7300,158,2
2026-03-04,601012,13:52:43,17.7400,120,1
2026-03-04,601012,13:52:46,17.7300,6,2
2026-03-04,601012,13:52:49,17.7400,47,1
2026-03-04,601012,13:52:52,17.7300,76,2
2026-03-04,601012,13:52:55,17.7300,92,2
2026-03-04,601012,13:52:58,17.7400,16,1
2026-03-04,601012,13:53:04,17.7400,1067,1
2026-03-04,601012,13:53:07,17.7400,112,1
2026-03-04,601012,13:53:10,17.7400,14,2
2026-03-04,601012,13:53:13,17.7400,80,2
2026-03-04,601012,13:53:16,17.7500,57,1
2026-03-04,601012,13:53:19,17.7400,89,2
2026-03-04,601012,13:53:22,17.7500,55,1
2026-03-04,601012,13:53:25,17.7500,59,1
2026-03-04,601012,13:53:28,17.7500,75,1
2026-03-04,601012,13:53:31,17.7500,88,1
2026-03-04,601012,13:53:34,17.7400,16,2
2026-03-04,601012,13:53:37,17.7500,45,1
2026-03-04,601012,13:53:40,17.7500,29,1
2026-03-04,601012,13:53:43,17.7500,135,1
2026-03-04,601012,13:53:46,17.7400,71,2
2026-03-04,601012,13:53:49,17.7500,171,1
2026-03-04,601012,13:53:52,17.7400,86,2
2026-03-04,601012,13:53:55,17.7400,63,2
2026-03-04,601012,13:53:58,17.7500,132,1
2026-03-04,601012,13:54:01,17.7500,213,1
2026-03-04,601012,13:54:04,17.7500,57,1
2026-03-04,601012,13:54:07,17.7500,165,1
2026-03-04,601012,13:54:10,17.7500,147,1
2026-03-04,601012,13:54:13,17.7500,28,1
2026-03-04,601012,13:54:16,17.7500,26,1
2026-03-04,601012,13:54:19,17.7400,28,2
2026-03-04,601012,13:54:22,17.7500,82,1
2026-03-04,601012,13:54:25,17.7500,181,1
2026-03-04,601012,13:54:28,17.7500,64,1
2026-03-04,601012,13:54:31,17.7400,20,2
2026-03-04,601012,13:54:34,17.7400,50,2
2026-03-04,601012,13:54:37,17.7400,153,2
2026-03-04,601012,13:54:40,17.7400,110,2
2026-03-04,601012,13:54:43,17.7400,108,2
2026-03-04,601012,13:54:46,17.7500,84,1
2026-03-04,601012,13:54:49,17.7400,13,2
2026-03-04,601012,13:54:52,17.7400,32,2
2026-03-04,601012,13:54:55,17.7400,76,2
2026-03-04,601012,13:54:58,17.7400,140,2
2026-03-04,601012,13:55:01,17.7500,43,1
2026-03-04,601012,13:55:04,17.7400,15,2
2026-03-04,601012,13:55:07,17.7500,96,1
2026-03-04,601012,13:55:10,17.7500,64,1
2026-03-04,601012,13:55:13,17.7500,57,1
2026-03-04,601012,13:55:16,17.7500,128,1
2026-03-04,601012,13:55:19,17.7500,14,1
2026-03-04,601012,13:55:22,17.7500,80,1
2026-03-04,601012,13:55:25,17.7400,175,2
2026-03-04,601012,13:55:28,17.7400,16,2
2026-03-04,601012,13:55:31,17.7500,7,1
2026-03-04,601012,13:55:34,17.7500,240,1
2026-03-04,601012,13:55:37,17.7400,128,2
2026-03-04,601012,13:55:40,17.7500,26,1
2026-03-04,601012,13:55:43,17.7500,67,1
2026-03-04,601012,13:55:46,17.7500,159,1
2026-03-04,601012,13:55:49,17.7400,76,2
2026-03-04,601012,13:55:52,17.7500,68,1
2026-03-04,601012,13:55:55,17.7400,107,2
2026-03-04,601012,13:55:58,17.7400,224,2
2026-03-04,601012,13:56:01,17.7500,1063,1
2026-03-04,601012,13:56:04,17.7400,48,2
2026-03-04,601012,13:56:07,17.7400,112,2
2026-03-04,601012,13:56:10,17.7400,50,1
2026-03-04,601012,13:56:13,17.7500,65,1
2026-03-04,601012,13:56:16,17.7400,9,1
2026-03-04,601012,13:56:19,17.7400,33,1
2026-03-04,601012,13:56:22,17.7500,123,1
2026-03-04,601012,13:56:25,17.7300,110,2
2026-03-04,601012,13:56:28,17.7500,29,1
2026-03-04,601012,13:56:31,17.7400,24,2
2026-03-04,601012,13:56:34,17.7500,14,1
2026-03-04,601012,13:56:37,17.7500,23,1
2026-03-04,601012,13:56:40,17.7400,17,2
2026-03-04,601012,13:56:43,17.7500,332,1
2026-03-04,601012,13:56:46,17.7600,55,1
2026-03-04,601012,13:56:49,17.7600,50,1
2026-03-04,601012,13:56:52,17.7600,31,1
2026-03-04,601012,13:56:55,17.7600,55,1
2026-03-04,601012,13:56:58,17.7600,75,1
2026-03-04,601012,13:57:01,17.7600,960,1
2026-03-04,601012,13:57:04,17.7600,22,2
2026-03-04,601012,13:57:07,17.7600,127,2
2026-03-04,601012,13:57:10,17.7700,142,1
2026-03-04,601012,13:57:13,17.7700,596,1
2026-03-04,601012,13:57:16,17.7700,129,1
2026-03-04,601012,13:57:19,17.7700,550,1
2026-03-04,601012,13:57:22,17.7700,15,2
2026-03-04,601012,13:57:25,17.7700,98,2
2026-03-04,601012,13:57:28,17.7700,20,2
2026-03-04,601012,13:57:31,17.7700,69,1
2026-03-04,601012,13:57:34,17.7700,42,1
2026-03-04,601012,13:57:37,17.7600,154,2
2026-03-04,601012,13:57:40,17.7700,45,1
2026-03-04,601012,13:57:43,17.7700,36,2
2026-03-04,601012,13:57:46,17.7700,35,2
2026-03-04,601012,13:57:49,17.7800,31,1
2026-03-04,601012,13:57:52,17.7800,156,1
2026-03-04,601012,13:57:55,17.7700,1136,2
2026-03-04,601012,13:57:58,17.7800,189,1
2026-03-04,601012,13:58:01,17.7800,39,2
2026-03-04,601012,13:58:04,17.7900,1007,1
2026-03-04,601012,13:58:07,17.7900,76,1
2026-03-04,601012,13:58:10,17.7800,452,2
2026-03-04,601012,13:58:13,17.7800,321,2
2026-03-04,601012,13:58:16,17.7900,85,2
2026-03-04,601012,13:58:19,17.7800,40,2
2026-03-04,601012,13:58:22,17.7900,72,1
2026-03-04,601012,13:58:25,17.7800,47,2
2026-03-04,601012,13:58:28,17.7900,303,1
2026-03-04,601012,13:58:31,17.7800,136,2
2026-03-04,601012,13:58:34,17.7900,95,1
2026-03-04,601012,13:58:37,17.7900,34,1
2026-03-04,601012,13:58:40,17.7900,65,1
2026-03-04,601012,13:58:43,17.7900,106,1
2026-03-04,601012,13:58:46,17.7900,173,1
2026-03-04,601012,13:58:49,17.7900,366,1
2026-03-04,601012,13:58:52,17.7900,589,1
2026-03-04,601012,13:58:55,17.7900,32,1
2026-03-04,601012,13:58:58,17.8000,85,1
2026-03-04,601012,13:59:01,17.7900,38,2
2026-03-04,601012,13:59:04,17.8000,100,1
2026-03-04,601012,13:59:07,17.8000,223,1
2026-03-04,601012,13:59:10,17.7900,37,2
2026-03-04,601012,13:59:13,17.8000,41,1
2026-03-04,601012,13:59:16,17.8000,1415,1
2026-03-04,601012,13:59:19,17.8000,835,2
2026-03-04,601012,13:59:22,17.8000,176,1
2026-03-04,601012,13:59:25,17.7800,2891,2
2026-03-04,601012,13:59:28,17.7800,228,1
2026-03-04,601012,13:59:31,17.7800,463,1
2026-03-04,601012,13:59:34,17.7700,152,2
2026-03-04,601012,13:59:37,17.7800,361,1
2026-03-04,601012,13:59:40,17.7800,30,1
2026-03-04,601012,13:59:43,17.7700,185,2
2026-03-04,601012,13:59:46,17.7700,10,2
2026-03-04,601012,13:59:49,17.7700,120,2
2026-03-04,601012,13:59:52,17.7700,28,2
2026-03-04,601012,13:59:55,17.7700,74,2
2026-03-04,601012,13:59:58,17.7800,57,1
2026-03-04,601012,14:00:01,17.7700,635,2
2026-03-04,601012,14:00:04,17.7600,1153,2
2026-03-04,601012,14:00:07,17.7600,830,2
2026-03-04,601012,14:00:10,17.7700,28,1
2026-03-04,601012,14:00:13,17.7600,98,2
2026-03-04,601012,14:00:16,17.7600,53,2
2026-03-04,601012,14:00:19,17.7600,67,2
2026-03-04,601012,14:00:22,17.7600,35,1
2026-03-04,601012,14:00:25,17.7600,50,1
2026-03-04,601012,14:00:28,17.7600,39,2
2026-03-04,601012,14:00:31,17.7600,64,2
2026-03-04,601012,14:00:34,17.7600,36,2
2026-03-04,601012,14:00:37,17.7600,160,2
2026-03-04,601012,14:00:40,17.7600,74,1
2026-03-04,601012,14:00:43,17.7600,180,1
2026-03-04,601012,14:00:46,17.7500,142,2
2026-03-04,601012,14:00:49,17.7500,26,2
2026-03-04,601012,14:00:52,17.7600,31,1
2026-03-04,601012,14:00:55,17.7600,95,1
2026-03-04,601012,14:00:58,17.7500,69,2
2026-03-04,601012,14:01:01,17.7500,15,2
2026-03-04,601012,14:01:04,17.7600,33,1
2026-03-04,601012,14:01:07,17.7600,55,1
2026-03-04,601012,14:01:10,17.7500,1211,2
2026-03-04,601012,14:01:13,17.7500,88,1
2026-03-04,601012,14:01:16,17.7500,149,1
2026-03-04,601012,14:01:19,17.7500,63,1
2026-03-04,601012,14:01:22,17.7500,57,2
2026-03-04,601012,14:01:25,17.7500,15,2
2026-03-04,601012,14:01:28,17.7600,20,1
2026-03-04,601012,14:01:31,17.7500,10,2
2026-03-04,601012,14:01:34,17.7500,105,2
2026-03-04,601012,14:01:37,17.7600,145,1
2026-03-04,601012,14:01:40,17.7500,85,2
2026-03-04,601012,14:01:43,17.7600,196,1
2026-03-04,601012,14:01:46,17.7500,33,1
2026-03-04,601012,14:01:49,17.7500,107,4
2026-03-04,601012,14:01:52,17.7500,108,4
2026-03-04,601012,14:01:55,17.7500,30,1
2026-03-04,601012,14:01:58,17.7500,40,2
2026-03-04,601012,14:02:01,17.7600,32,1
2026-03-04,601012,14:02:04,17.7600,5,1
2026-03-04,601012,14:02:07,17.7500,58,2
2026-03-04,601012,14:02:10,17.7400,68,2
2026-03-04,601012,14:02:13,17.7500,78,1
2026-03-04,601012,14:02:16,17.7400,228,2
2026-03-04,601012,14:02:19,17.7500,40,1
2026-03-04,601012,14:02:22,17.7500,14,1
2026-03-04,601012,14:02:25,17.7400,59,4
2026-03-04,601012,14:02:28,17.7400,29,1
2026-03-04,601012,14:02:31,17.7300,132,2
2026-03-04,601012,14:02:34,17.7300,256,2
2026-03-04,601012,14:02:37,17.7300,31,2
2026-03-04,601012,14:02:40,17.7400,196,1
2026-03-04,601012,14:02:43,17.7300,226,2
2026-03-04,601012,14:02:46,17.7200,75,2
2026-03-04,601012,14:02:49,17.7300,507,1
2026-03-04,601012,14:02:52,17.7200,187,2
2026-03-04,601012,14:02:55,17.7300,13,1
2026-03-04,601012,14:02:58,17.7300,172,1
2026-03-04,601012,14:03:01,17.7300,8,1
2026-03-04,601012,14:03:04,17.7300,26,1
2026-03-04,601012,14:03:07,17.7200,34,2
2026-03-04,601012,14:03:10,17.7300,106,1
2026-03-04,601012,14:03:13,17.7200,68,2
2026-03-04,601012,14:03:16,17.7300,65,1
2026-03-04,601012,14:03:19,17.7200,58,2
2026-03-04,601012,14:03:22,17.7200,59,2
2026-03-04,601012,14:03:25,17.7200,68,2
2026-03-04,601012,14:03:28,17.7300,13,1
2026-03-04,601012,14:03:31,17.7300,95,1
2026-03-04,601012,14:03:34,17.7300,387,1
2026-03-04,601012,14:03:37,17.7300,103,1
2026-03-04,601012,14:03:40,17.7100,88,2
2026-03-04,601012,14:03:43,17.7200,39,4
2026-03-04,601012,14:03:46,17.7200,12,2
2026-03-04,601012,14:03:49,17.7200,93,2
2026-03-04,601012,14:03:52,17.7300,91,1
2026-03-04,601012,14:03:55,17.7300,169,1
2026-03-04,601012,14:03:58,17.7200,76,2
2026-03-04,601012,14:04:01,17.7200,215,1
2026-03-04,601012,14:04:04,17.7200,28,2
2026-03-04,601012,14:04:07,17.7200,81,2
2026-03-04,601012,14:04:10,17.7100,93,2
2026-03-04,601012,14:04:13,17.7200,6,2
2026-03-04,601012,14:04:16,17.7100,69,2
2026-03-04,601012,14:04:19,17.7200,26,1
2026-03-04,601012,14:04:22,17.7200,27,1
2026-03-04,601012,14:04:25,17.7200,46,1
2026-03-04,601012,14:04:28,17.7100,47,2
2026-03-04,601012,14:04:31,17.7200,27,1
2026-03-04,601012,14:04:34,17.7100,74,2
2026-03-04,601012,14:04:37,17.7200,3,1
2026-03-04,601012,14:04:40,17.7100,117,2
2026-03-04,601012,14:04:43,17.7100,46,2
2026-03-04,601012,14:04:46,17.7100,76,2
2026-03-04,601012,14:04:49,17.7100,252,2
2026-03-04,601012,14:04:52,17.7200,11,1
2026-03-04,601012,14:04:55,17.7100,75,2
2026-03-04,601012,14:04:58,17.7100,158,2
2026-03-04,601012,14:05:01,17.7100,45,2
2026-03-04,601012,14:05:04,17.7100,141,2
2026-03-04,601012,14:05:07,17.7100,147,2
2026-03-04,601012,14:05:10,17.7100,102,2
2026-03-04,601012,14:05:13,17.7200,65,1
2026-03-04,601012,14:05:16,17.7100,354,2
2026-03-04,601012,14:05:19,17.7100,22,2
2026-03-04,601012,14:05:22,17.7100,51,2
2026-03-04,601012,14:05:25,17.7200,2,1
2026-03-04,601012,14:05:28,17.7200,83,1
2026-03-04,601012,14:05:31,17.7200,164,1
2026-03-04,601012,14:05:34,17.7200,276,1
2026-03-04,601012,14:05:37,17.7200,46,1
2026-03-04,601012,14:05:40,17.7200,64,1
2026-03-04,601012,14:05:43,17.7200,62,1
2026-03-04,601012,14:05:46,17.7200,73,1
2026-03-04,601012,14:05:49,17.7200,610,1
2026-03-04,601012,14:05:52,17.7100,78,2
2026-03-04,601012,14:05:55,17.7200,41,1
2026-03-04,601012,14:05:58,17.7200,42,1
2026-03-04,601012,14:06:01,17.7100,49,2
2026-03-04,601012,14:06:04,17.7200,40,1
2026-03-04,601012,14:06:07,17.7200,19,1
2026-03-04,601012,14:06:10,17.7100,63,2
2026-03-04,601012,14:06:13,17.7100,75,2
2026-03-04,601012,14:06:16,17.7200,74,1
2026-03-04,601012,14:06:19,17.7200,249,1
2026-03-04,601012,14:06:22,17.7100,154,2
2026-03-04,601012,14:06:25,17.7100,19,2
2026-03-04,601012,14:06:28,17.7200,36,1
2026-03-04,601012,14:06:31,17.7200,200,1
2026-03-04,601012,14:06:34,17.7100,225,2
2026-03-04,601012,14:06:37,17.7200,46,1
2026-03-04,601012,14:06:40,17.7100,557,2
2026-03-04,601012,14:06:43,17.7100,80,1
2026-03-04,601012,14:06:46,17.7100,141,1
2026-03-04,601012,14:06:49,17.7100,101,1
2026-03-04,601012,14:06:52,17.7100,57,1
2026-03-04,601012,14:06:55,17.7000,59,2
2026-03-04,601012,14:06:58,17.7100,480,1
2026-03-04,601012,14:07:01,17.7100,41,1
2026-03-04,601012,14:07:04,17.7100,87,1
2026-03-04,601012,10:57:04,17.7100,161,2
2026-03-04,601012,10:57:07,17.7200,140,1
2026-03-04,601012,10:57:10,17.7100,15,2
2026-03-04,601012,10:57:13,17.7100,108,2
2026-03-04,601012,10:57:16,17.7200,122,1
2026-03-04,601012,10:57:19,17.7100,352,2
2026-03-04,601012,10:57:22,17.7200,170,1
2026-03-04,601012,10:57:25,17.7100,69,2
2026-03-04,601012,10:57:28,17.7200,144,1
2026-03-04,601012,10:57:31,17.7100,412,2
2026-03-04,601012,10:57:34,17.7100,67,1
2026-03-04,601012,10:57:37,17.7100,61,1
2026-03-04,601012,10:57:40,17.7100,168,1
2026-03-04,601012,10:57:43,17.7100,391,1
2026-03-04,601012,10:57:46,17.7200,46,1
2026-03-04,601012,10:57:49,17.7100,251,2
2026-03-04,601012,10:57:52,17.7200,107,1
2026-03-04,601012,10:57:55,17.7200,58,1
2026-03-04,601012,10:57:58,17.7200,70,1
2026-03-04,601012,10:58:01,17.7100,57,2
2026-03-04,601012,10:58:04,17.7200,693,1
2026-03-04,601012,10:58:07,17.7200,64,2
2026-03-04,601012,10:58:10,17.7200,382,1
2026-03-04,601012,10:58:13,17.7100,40,2
2026-03-04,601012,10:58:16,17.7200,52,1
2026-03-04,601012,10:58:19,17.7200,96,1
2026-03-04,601012,10:58:22,17.7100,53,2
2026-03-04,601012,10:58:25,17.7200,286,1
2026-03-04,601012,10:58:28,17.7100,8,2
2026-03-04,601012,10:58:31,17.7100,118,2
2026-03-04,601012,10:58:34,17.7200,118,1
2026-03-04,601012,10:58:37,17.7200,87,1
2026-03-04,601012,10:58:40,17.7200,270,1
2026-03-04,601012,10:58:43,17.7200,55,1
2026-03-04,601012,10:58:46,17.7200,157,1
2026-03-04,601012,10:58:49,17.7200,103,1
2026-03-04,601012,10:58:52,17.7200,139,1
2026-03-04,601012,10:58:55,17.7200,315,2
2026-03-04,601012,10:58:58,17.7200,40,2
2026-03-04,601012,10:59:01,17.7300,66,1
2026-03-04,601012,10:59:04,17.7300,222,1
2026-03-04,601012,10:59:07,17.7300,39,1
2026-03-04,601012,10:59:10,17.7300,143,1
2026-03-04,601012,10:59:13,17.7200,177,2
2026-03-04,601012,10:59:16,17.7200,36,2
2026-03-04,601012,10:59:19,17.7200,192,2
2026-03-04,601012,10:59:22,17.7200,135,2
2026-03-04,601012,10:59:25,17.7200,46,1
2026-03-04,601012,10:59:28,17.7200,210,1
2026-03-04,601012,10:59:31,17.7200,237,1
2026-03-04,601012,10:59:34,17.7100,119,2
2026-03-04,601012,10:59:37,17.7200,68,1
2026-03-04,601012,10:59:40,17.7100,19,2
2026-03-04,601012,10:59:43,17.7200,265,1
2026-03-04,601012,10:59:46,17.7200,240,1
2026-03-04,601012,10:59:49,17.7100,111,2
2026-03-04,601012,10:59:52,17.7200,31,1
2026-03-04,601012,10:59:55,17.7100,1102,2
2026-03-04,601012,10:59:58,17.7100,235,1
2026-03-04,601012,11:00:01,17.7100,190,1
2026-03-04,601012,11:00:04,17.7000,115,2
2026-03-04,601012,11:00:07,17.7100,196,1
2026-03-04,601012,11:00:10,17.7000,1426,2
2026-03-04,601012,11:00:13,17.7100,167,1
2026-03-04,601012,11:00:16,17.7000,171,2
2026-03-04,601012,11:00:19,17.7100,1063,1
2026-03-04,601012,11:00:22,17.7000,120,2
2026-03-04,601012,11:00:25,17.7100,182,1
2026-03-04,601012,11:00:28,17.7000,211,2
2026-03-04,601012,11:00:31,17.7000,199,2
2026-03-04,601012,11:00:34,17.7100,76,1
2026-03-04,601012,11:00:37,17.7000,317,2
2026-03-04,601012,11:00:40,17.7100,208,1
2026-03-04,601012,11:00:43,17.7000,215,2
2026-03-04,601012,11:00:46,17.7000,312,2
2026-03-04,601012,11:00:49,17.7100,66,1
2026-03-04,601012,11:00:52,17.7000,231,2
2026-03-04,601012,11:00:55,17.7100,176,1
2026-03-04,601012,11:00:58,17.7000,183,2
2026-03-04,601012,11:01:01,17.7000,132,2
2026-03-04,601012,11:01:04,17.7000,476,2
2026-03-04,601012,11:01:07,17.7000,129,2
2026-03-04,601012,11:01:10,17.7100,120,1
2026-03-04,601012,11:01:13,17.7100,316,1
2026-03-04,601012,11:01:16,17.7000,128,2
2026-03-04,601012,11:01:19,17.7100,541,1
2026-03-04,601012,11:01:22,17.7000,100,2
2026-03-04,601012,11:01:25,17.7100,136,1
2026-03-04,601012,11:01:28,17.7100,122,1
2026-03-04,601012,11:01:31,17.7100,96,1
2026-03-04,601012,11:01:34,17.7100,114,1
2026-03-04,601012,11:01:37,17.7100,121,1
2026-03-04,601012,11:01:40,17.7100,72,1
2026-03-04,601012,11:01:43,17.7000,1210,2
2026-03-04,601012,11:01:46,17.7100,375,1
2026-03-04,601012,11:01:49,17.7100,186,1
2026-03-04,601012,11:01:52,17.6900,571,2
2026-03-04,601012,11:01:55,17.7000,106,1
2026-03-04,601012,11:01:58,17.6900,314,2
2026-03-04,601012,11:02:01,17.7000,173,2
2026-03-04,601012,11:02:04,17.7000,82,1
2026-03-04,601012,11:02:07,17.7000,562,1
2026-03-04,601012,11:02:10,17.6900,123,2
2026-03-04,601012,11:02:13,17.6900,247,2
2026-03-04,601012,11:02:16,17.7000,147,1
2026-03-04,601012,11:02:19,17.6900,23,2
2026-03-04,601012,11:02:22,17.6900,336,2
2026-03-04,601012,11:02:25,17.6900,171,2
2026-03-04,601012,11:02:28,17.7000,158,1
2026-03-04,601012,11:02:31,17.6900,699,2
2026-03-04,601012,11:02:34,17.6900,640,2
2026-03-04,601012,11:02:37,17.6900,159,2
2026-03-04,601012,11:02:40,17.6900,135,2
2026-03-04,601012,11:02:43,17.6900,346,2
2026-03-04,601012,11:02:46,17.6800,808,2
2026-03-04,601012,11:02:49,17.6800,88,2
2026-03-04,601012,11:02:52,17.6900,97,1
2026-03-04,601012,11:02:55,17.6800,592,2
2026-03-04,601012,11:02:58,17.6800,129,2
2026-03-04,601012,11:03:01,17.6900,242,1
2026-03-04,601012,11:03:04,17.6800,10634,2
2026-03-04,601012,11:03:07,17.6700,441,4
2026-03-04,601012,11:03:10,17.6600,4670,2
2026-03-04,601012,11:03:13,17.6500,384,2
2026-03-04,601012,11:03:16,17.6500,433,4
2026-03-04,601012,11:03:19,17.6500,476,2
2026-03-04,601012,11:03:22,17.6600,149,1
2026-03-04,601012,11:03:25,17.6500,262,2
2026-03-04,601012,11:03:28,17.6500,78,2
2026-03-04,601012,11:03:31,17.6500,527,2
2026-03-04,601012,11:03:34,17.6500,153,1
2026-03-04,601012,11:03:37,17.6400,110,2
2026-03-04,601012,11:03:40,17.6400,2028,2
2026-03-04,601012,11:03:43,17.6400,295,2
2026-03-04,601012,11:03:46,17.6400,478,2
2026-03-04,601012,11:03:49,17.6400,2330,2
2026-03-04,601012,11:03:52,17.6400,596,2
2026-03-04,601012,11:03:55,17.6400,402,2
2026-03-04,601012,11:03:58,17.6500,380,1
2026-03-04,601012,11:04:01,17.6400,545,2
2026-03-04,601012,11:04:04,17.6400,344,2
2026-03-04,601012,11:04:07,17.6400,689,2
2026-03-04,601012,11:04:10,17.6400,497,2
2026-03-04,601012,11:04:13,17.6500,254,1
2026-03-04,601012,11:04:16,17.6300,216,2
2026-03-04,601012,11:04:19,17.6500,480,1
2026-03-04,601012,11:04:22,17.6500,540,2
2026-03-04,601012,11:04:25,17.6500,196,2
2026-03-04,601012,11:04:28,17.6500,210,2
2026-03-04,601012,11:04:31,17.6500,233,1
2026-03-04,601012,11:04:34,17.6400,418,2
2026-03-04,601012,11:04:37,17.6500,369,1
2026-03-04,601012,11:04:40,17.6500,545,1
2026-03-04,601012,11:04:43,17.6500,80,1
2026-03-04,601012,11:04:46,17.6500,313,1
2026-03-04,601012,11:04:49,17.6500,577,1
2026-03-04,601012,11:04:52,17.6500,1481,1
2026-03-04,601012,11:04:55,17.6500,240,1
2026-03-04,601012,11:04:58,17.6400,165,2
2026-03-04,601012,11:05:01,17.6400,433,2
2026-03-04,601012,11:05:04,17.6400,138,2
2026-03-04,601012,11:05:07,17.6400,581,2
2026-03-04,601012,11:05:10,17.6400,360,2
2026-03-04,601012,11:05:13,17.6400,583,2
2026-03-04,601012,11:05:16,17.6400,222,2
2026-03-04,601012,11:05:19,17.6400,1226,2
2026-03-04,601012,11:05:22,17.6400,497,1
2026-03-04,601012,11:05:25,17.6500,491,1
2026-03-04,601012,11:05:28,17.6500,178,2
2026-03-04,601012,11:05:31,17.6500,220,1
2026-03-04,601012,11:05:34,17.6600,61,1
2026-03-04,601012,11:05:37,17.6600,156,1
2026-03-04,601012,11:05:40,17.6600,241,1
2026-03-04,601012,11:05:43,17.6600,155,1
2026-03-04,601012,11:05:46,17.6600,166,1
2026-03-04,601012,11:05:49,17.6600,417,1
2026-03-04,601012,11:05:52,17.6600,306,1
2026-03-04,601012,11:05:55,17.6600,13,2
2026-03-04,601012,11:05:58,17.6600,46,2
2026-03-04,601012,11:06:01,17.6700,326,1
2026-03-04,601012,11:06:04,17.6700,82,1
2026-03-04,601012,11:06:07,17.6700,683,1
2026-03-04,601012,11:06:10,17.6800,207,1
2026-03-04,601012,11:06:13,17.6700,75,2
2026-03-04,601012,11:06:16,17.6800,76,1
2026-03-04,601012,11:06:19,17.6800,216,1
2026-03-04,601012,11:06:22,17.6800,117,2
2026-03-04,601012,11:06:25,17.6800,184,2
2026-03-04,601012,11:06:28,17.6800,233,1
2026-03-04,601012,11:06:31,17.6800,570,1
2026-03-04,601012,11:06:34,17.6700,406,2
2026-03-04,601012,11:06:37,17.6800,100,1
2026-03-04,601012,11:06:40,17.6700,136,4
2026-03-04,601012,11:06:43,17.6800,220,1
2026-03-04,601012,11:06:46,17.6700,249,2
2026-03-04,601012,11:06:49,17.6800,178,1
2026-03-04,601012,11:06:52,17.6800,211,1
2026-03-04,601012,11:06:55,17.6800,457,1
2026-03-04,601012,11:06:58,17.6800,68,1
2026-03-04,601012,11:07:01,17.6700,144,2
2026-03-04,601012,11:07:04,17.6600,52,2
2026-03-04,601012,11:07:07,17.6700,61,1
2026-03-04,601012,11:07:10,17.6700,79,1
2026-03-04,601012,11:07:13,17.6700,59,1
2026-03-04,601012,11:07:16,17.6700,54,1
2026-03-04,601012,11:07:19,17.6700,266,1
2026-03-04,601012,11:07:22,17.6700,412,1
2026-03-04,601012,11:07:25,17.6700,93,1
2026-03-04,601012,11:07:28,17.6600,202,2
2026-03-04,601012,11:07:31,17.6600,44,2
2026-03-04,601012,11:07:34,17.6600,228,2
2026-03-04,601012,11:07:37,17.6700,146,1
2026-03-04,601012,11:07:40,17.6700,181,1
2026-03-04,601012,11:07:43,17.6700,57,1
2026-03-04,601012,11:07:46,17.6700,69,1
2026-03-04,601012,11:07:49,17.6700,535,1
2026-03-04,601012,11:07:52,17.6700,71,1
2026-03-04,601012,11:07:55,17.6600,384,2
2026-03-04,601012,11:07:58,17.6800,609,1
2026-03-04,601012,11:08:01,17.6600,149,2
2026-03-04,601012,11:08:04,17.6600,189,2
2026-03-04,601012,11:08:07,17.6600,76,2
2026-03-04,601012,11:08:10,17.6600,49,2
2026-03-04,601012,11:08:13,17.6600,99,2
2026-03-04,601012,11:08:16,17.6600,256,2
2026-03-04,601012,11:08:19,17.6700,84,1
2026-03-04,601012,11:08:22,17.6700,110,2
2026-03-04,601012,11:08:25,17.6800,319,1
2026-03-04,601012,11:08:28,17.6700,303,2
2026-03-04,601012,11:08:31,17.6700,1529,2
2026-03-04,601012,11:08:34,17.6800,127,1
2026-03-04,601012,11:08:37,17.6700,63,2
2026-03-04,601012,11:08:40,17.6500,168,2
2026-03-04,601012,11:08:43,17.6600,74,1
2026-03-04,601012,11:08:46,17.6500,86,2
2026-03-04,601012,11:08:49,17.6700,42,1
2026-03-04,601012,11:08:52,17.6600,75,2
2026-03-04,601012,11:08:55,17.6700,87,1
2026-03-04,601012,11:08:58,17.6600,118,2
2026-03-04,601012,11:09:01,17.6600,156,2
2026-03-04,601012,11:09:04,17.6600,157,2
2026-03-04,601012,11:09:07,17.6600,140,2
2026-03-04,601012,11:09:10,17.6600,101,1
2026-03-04,601012,11:09:13,17.6600,128,1
2026-03-04,601012,11:09:16,17.6600,292,1
2026-03-04,601012,11:09:19,17.6600,71,2
2026-03-04,601012,11:09:22,17.6600,104,2
2026-03-04,601012,11:09:25,17.6600,38,2
2026-03-04,601012,11:09:28,17.6700,105,1
2026-03-04,601012,11:09:31,17.6700,288,1
2026-03-04,601012,11:09:34,17.6700,275,1
2026-03-04,601012,11:09:37,17.6600,1604,2
2026-03-04,601012,11:09:40,17.6600,197,1
2026-03-04,601012,11:09:43,17.6500,130,2
2026-03-04,601012,11:09:46,17.6700,133,1
2026-03-04,601012,11:09:49,17.6600,206,2
2026-03-04,601012,11:09:52,17.6600,73,1
2026-03-04,601012,11:09:55,17.6600,184,1
2026-03-04,601012,11:09:58,17.6600,93,1
2026-03-04,601012,11:10:01,17.6600,202,2
2026-03-04,601012,11:10:04,17.6500,192,2
2026-03-04,601012,11:10:07,17.6600,397,1
2026-03-04,601012,11:10:10,17.6600,370,2
2026-03-04,601012,11:10:13,17.6600,138,2
2026-03-04,601012,11:10:16,17.6600,348,2
2026-03-04,601012,11:10:19,17.6600,320,2
2026-03-04,601012,11:10:22,17.6600,237,1
2026-03-04,601012,11:10:25,17.6500,118,2
2026-03-04,601012,11:10:28,17.6500,124,2
2026-03-04,601012,11:10:31,17.6500,126,2
2026-03-04,601012,11:10:34,17.6500,65,2
2026-03-04,601012,11:10:37,17.6600,78,4
2026-03-04,601012,11:10:40,17.6600,133,2
2026-03-04,601012,11:10:43,17.6600,135,2
2026-03-04,601012,11:10:46,17.6600,75,2
2026-03-04,601012,11:10:49,17.6600,96,2
2026-03-04,601012,11:10:52,17.6700,1434,1
2026-03-04,601012,11:10:55,17.6800,574,1
2026-03-04,601012,11:10:58,17.6900,36,1
2026-03-04,601012,11:11:01,17.6900,68,1
2026-03-04,601012,11:11:04,17.6700,212,2
2026-03-04,601012,11:11:07,17.6800,43,2
2026-03-04,601012,11:11:10,17.6900,112,1
2026-03-04,601012,11:11:13,17.6800,744,2
2026-03-04,601012,11:11:16,17.6800,77,1
2026-03-04,601012,11:11:19,17.6800,108,1
2026-03-04,601012,11:11:22,17.6800,139,1
2026-03-04,601012,11:11:25,17.6800,125,1
2026-03-04,601012,11:11:28,17.6700,900,2
2026-03-04,601012,11:11:31,17.6800,142,1
2026-03-04,601012,11:11:34,17.6700,109,2
2026-03-04,601012,11:11:37,17.6800,121,1
2026-03-04,601012,11:11:40,17.6800,173,1
2026-03-04,601012,11:11:43,17.6800,81,1
2026-03-04,601012,11:11:46,17.6700,387,2
2026-03-04,601012,11:11:49,17.6700,119,1
2026-03-04,601012,11:11:52,17.6600,323,2
2026-03-04,601012,11:11:55,17.6700,628,1
2026-03-04,601012,11:11:58,17.6700,172,1
2026-03-04,601012,11:12:01,17.6700,116,1
2026-03-04,601012,11:12:04,17.6700,80,2
2026-03-04,601012,11:12:07,17.6700,16,1
2026-03-04,601012,11:12:10,17.6700,129,1
2026-03-04,601012,11:12:13,17.6700,77,1
2026-03-04,601012,11:12:16,17.6700,63,1
2026-03-04,601012,11:12:19,17.6700,455,1
2026-03-04,601012,11:12:22,17.6700,65,2
2026-03-04,601012,11:12:25,17.6800,48,1
2026-03-04,601012,11:12:28,17.6700,33,2
2026-03-04,601012,11:12:31,17.6700,128,2
2026-03-04,601012,11:12:34,17.6800,125,1
2026-03-04,601012,11:12:37,17.6800,139,1
2026-03-04,601012,11:12:40,17.6800,167,1
2026-03-04,601012,11:12:43,17.6800,126,1
2026-03-04,601012,11:12:46,17.6800,296,1
2026-03-04,601012,11:12:49,17.6800,242,1
2026-03-04,601012,11:12:52,17.6800,94,1
2026-03-04,601012,11:12:55,17.6800,226,1
2026-03-04,601012,11:12:58,17.6700,244,2
2026-03-04,601012,11:13:01,17.6800,132,1
2026-03-04,601012,11:13:04,17.6800,202,1
2026-03-04,601012,11:13:07,17.6800,148,1
2026-03-04,601012,11:13:10,17.6800,102,1
2026-03-04,601012,11:13:13,17.6800,236,1
2026-03-04,601012,11:13:16,17.6800,286,1
2026-03-04,601012,11:13:19,17.6800,90,1
2026-03-04,601012,11:13:22,17.6800,125,1
2026-03-04,601012,11:13:25,17.6900,48,1
2026-03-04,601012,11:13:28,17.6900,23,1
2026-03-04,601012,11:13:31,17.6900,215,1
2026-03-04,601012,11:13:34,17.6900,188,1
2026-03-04,601012,11:13:37,17.6800,38,2
2026-03-04,601012,11:13:40,17.6900,162,1
2026-03-04,601012,11:13:43,17.6800,113,2
2026-03-04,601012,11:13:46,17.6900,119,1
2026-03-04,601012,11:13:49,17.6800,64,2
2026-03-04,601012,11:13:52,17.6800,133,2
2026-03-04,601012,11:13:55,17.6900,83,1
2026-03-04,601012,11:13:58,17.6800,77,2
2026-03-04,601012,11:14:01,17.6800,221,2
2026-03-04,601012,11:14:04,17.6800,217,2
2026-03-04,601012,11:14:07,17.6900,32,1
2026-03-04,601012,11:14:10,17.6800,57,2
2026-03-04,601012,11:14:13,17.6900,576,1
2026-03-04,601012,11:14:16,17.6900,40,1
2026-03-04,601012,11:14:19,17.6900,52,1
2026-03-04,601012,11:14:22,17.6900,222,1
2026-03-04,601012,11:14:25,17.6900,118,1
2026-03-04,601012,11:14:28,17.6900,43,1
2026-03-04,601012,11:14:31,17.6900,286,1
2026-03-04,601012,11:14:34,17.6900,169,1
2026-03-04,601012,11:14:37,17.6800,138,2
2026-03-04,601012,11:14:40,17.6900,115,1
2026-03-04,601012,11:14:43,17.6800,134,2
2026-03-04,601012,11:14:46,17.6900,238,1
2026-03-04,601012,11:14:49,17.6900,119,1
2026-03-04,601012,11:14:52,17.6900,134,1
2026-03-04,601012,11:14:55,17.6900,142,1
2026-03-04,601012,11:14:58,17.6900,80,1
2026-03-04,601012,11:15:01,17.6900,41,2
2026-03-04,601012,11:15:04,17.7000,20,1
2026-03-04,601012,11:15:07,17.7000,11,1
2026-03-04,601012,11:15:10,17.7000,45,1
2026-03-04,601012,11:15:13,17.6900,70,2
2026-03-04,601012,11:15:16,17.7000,120,1
2026-03-04,601012,11:15:19,17.6900,65,2
2026-03-04,601012,11:15:22,17.7000,154,1
2026-03-04,601012,11:15:25,17.7000,52,1
2026-03-04,601012,11:15:28,17.7000,117,1
2026-03-04,601012,11:15:31,17.7000,94,1
2026-03-04,601012,11:15:34,17.7000,157,1
2026-03-04,601012,11:15:37,17.7000,127,1
2026-03-04,601012,11:15:40,17.7000,113,1
2026-03-04,601012,11:15:43,17.7000,75,1
2026-03-04,601012,11:15:46,17.7000,83,1
2026-03-04,601012,11:15:49,17.7000,123,1
2026-03-04,601012,11:15:52,17.7000,288,1
2026-03-04,601012,11:15:55,17.7000,435,1
2026-03-04,601012,11:15:58,17.7000,56,1
2026-03-04,601012,11:16:01,17.6900,654,2
2026-03-04,601012,11:16:04,17.7000,90,2
2026-03-04,601012,11:16:07,17.7100,101,1
2026-03-04,601012,11:16:10,17.7100,25,1
2026-03-04,601012,11:16:13,17.7100,79,1
2026-03-04,601012,11:16:16,17.7100,65,1
2026-03-04,601012,11:16:19,17.7100,193,1
2026-03-04,601012,11:16:22,17.7100,41,2
2026-03-04,601012,11:16:25,17.7200,58,1
2026-03-04,601012,11:16:28,17.7200,98,1
2026-03-04,601012,11:16:31,17.7200,53,1
2026-03-04,601012,11:16:34,17.7200,51,1
2026-03-04,601012,11:16:37,17.7200,65,1
2026-03-04,601012,11:16:40,17.7200,68,1
2026-03-04,601012,11:16:43,17.7200,77,1
2026-03-04,601012,11:16:46,17.7200,350,1
2026-03-04,601012,11:16:49,17.7200,128,1
2026-03-04,601012,11:16:52,17.7300,106,1
2026-03-04,601012,11:16:55,17.7200,1300,2
2026-03-04,601012,11:16:58,17.7200,118,1
2026-03-04,601012,11:17:01,17.7100,781,2
2026-03-04,601012,11:17:04,17.7200,332,1
2026-03-04,601012,11:17:07,17.7200,106,1
2026-03-04,601012,11:17:10,17.7200,35,1
2026-03-04,601012,11:17:13,17.7100,170,2
2026-03-04,601012,11:17:16,17.7100,129,1
2026-03-04,601012,11:17:19,17.7000,220,2
2026-03-04,601012,11:17:22,17.7000,116,2
2026-03-04,601012,11:17:25,17.7000,79,2
2026-03-04,601012,11:17:28,17.7000,229,2
2026-03-04,601012,11:17:31,17.7000,1,2
2026-03-04,601012,11:17:34,17.7000,114,2
2026-03-04,601012,11:17:37,17.7100,127,1
2026-03-04,601012,11:17:40,17.7100,146,1
2026-03-04,601012,11:17:43,17.7100,60,1
2026-03-04,601012,11:17:46,17.7100,100,1
2026-03-04,601012,11:17:49,17.7100,127,1
2026-03-04,601012,11:17:52,17.7000,2134,2
2026-03-04,601012,11:17:55,17.7100,1829,1
2026-03-04,601012,11:17:58,17.6900,559,2
2026-03-04,601012,11:18:01,17.7000,132,1
2026-03-04,601012,11:18:04,17.7000,51,1
2026-03-04,601012,11:18:07,17.7000,220,1
2026-03-04,601012,11:18:10,17.7000,100,1
2026-03-04,601012,11:18:13,17.7000,93,1
2026-03-04,601012,11:18:16,17.7000,83,1
2026-03-04,601012,11:18:19,17.7000,131,1
2026-03-04,601012,11:18:22,17.7000,205,1
2026-03-04,601012,11:18:25,17.7000,45,1
2026-03-04,601012,11:18:28,17.7000,70,1
2026-03-04,601012,11:18:31,17.6900,80,2
2026-03-04,601012,11:18:34,17.6900,55,2
2026-03-04,601012,11:18:37,17.7000,15,1
2026-03-04,601012,11:18:40,17.7000,915,1
2026-03-04,601012,11:18:43,17.7000,82,1
2026-03-04,601012,11:18:46,17.7000,110,1
2026-03-04,601012,11:18:49,17.6900,337,2
2026-03-04,601012,11:18:52,17.7000,105,1
2026-03-04,601012,11:18:55,17.7000,514,1
2026-03-04,601012,11:18:58,17.6900,35,2
2026-03-04,601012,11:19:01,17.7000,89,4
2026-03-04,601012,11:19:04,17.7100,49,1
2026-03-04,601012,11:19:07,17.7000,48,2
2026-03-04,601012,11:19:10,17.7100,7,1
2026-03-04,601012,11:19:13,17.7100,80,1
2026-03-04,601012,11:19:16,17.7100,158,1
2026-03-04,601012,11:19:19,17.7100,83,1
2026-03-04,601012,11:19:22,17.7100,52,1
2026-03-04,601012,11:19:25,17.7100,133,2
2026-03-04,601012,11:19:28,17.7100,99,2
2026-03-04,601012,11:19:31,17.7200,17,1
2026-03-04,601012,11:19:34,17.7100,83,2
2026-03-04,601012,11:19:37,17.7200,40,1
2026-03-04,601012,11:19:40,17.7200,108,1
2026-03-04,601012,11:19:43,17.7200,180,1
2026-03-04,601012,11:19:46,17.7100,100,2
2026-03-04,601012,11:19:49,17.7200,31,2
2026-03-04,601012,11:19:52,17.7300,66,1
2026-03-04,601012,11:19:55,17.7300,81,1
2026-03-04,601012,11:19:58,17.7300,80,1
2026-03-04,601012,11:20:01,17.7400,81,1
2026-03-04,601012,11:20:04,17.7400,11,1
2026-03-04,601012,11:20:07,17.7400,104,1
2026-03-04,601012,11:20:10,17.7400,136,1
