date,code,time,price,volume,bs
2026-04-30,600036,14:07:04,38.3200,3,1
2026-04-30,600036,14:07:07,38.3100,12,2
2026-04-30,600036,14:07:10,38.3100,31,2
2026-04-30,600036,14:07:13,38.3200,200,1
2026-04-30,600036,14:07:16,38.3100,39,2
2026-04-30,600036,14:07:19,38.3100,159,2
2026-04-30,600036,14:07:22,38.3000,265,2
2026-04-30,600036,14:07:25,38.3100,27,4
2026-04-30,600036,14:07:28,38.3000,21,2
2026-04-30,600036,14:07:31,38.3100,17,1
2026-04-30,600036,14:07:34,38.3100,51,1
2026-04-30,600036,14:07:37,38.3000,95,2
2026-04-30,600036,14:07:40,38.3100,14,1
2026-04-30,600036,14:07:43,38.3100,118,1
2026-04-30,600036,14:07:46,38.3100,178,1
2026-04-30,600036,14:07:49,38.3100,237,1
2026-04-30,600036,14:07:52,38.3100,6,1
2026-04-30,600036,14:07:55,38.3100,313,1
2026-04-30,600036,14:07:58,38.3100,43,1
2026-04-30,600036,14:08:01,38.3000,7,2
2026-04-30,600036,14:08:04,38.3100,7,1
2026-04-30,600036,14:08:07,38.3000,13,2
2026-04-30,600036,14:08:10,38.3100,20,1
2026-04-30,600036,14:08:13,38.3000,61,2
2026-04-30,600036,14:08:16,38.3100,53,1
2026-04-30,600036,14:08:19,38.3100,37,1
2026-04-30,600036,14:08:22,38.3100,37,1
2026-04-30,600036,14:08:25,38.3100,26,1
2026-04-30,600036,14:08:28,38.3100,14,1
2026-04-30,600036,14:08:31,38.3000,17,2
2026-04-30,600036,14:08:34,38.3100,461,1
2026-04-30,600036,14:08:37,38.3100,8,1
2026-04-30,600036,14:08:40,38.3100,74,1
2026-04-30,600036,14:08:43,38.3100,45,1
2026-04-30,600036,14:08:46,38.3100,146,1
2026-04-30,600036,14:08:49,38.3000,36,2
2026-04-30,600036,14:08:52,38.3000,63,2
2026-04-30,600036,14:08:55,38.3100,16,1
2026-04-30,600036,14:08:58,38.3100,61,1
2026-04-30,600036,14:09:01,38.3100,7,1
2026-04-30,600036,14:09:04,38.3000,30,2
2026-04-30,600036,14:09:07,38.3100,251,1
2026-04-30,600036,14:09:10,38.3100,865,2
2026-04-30,600036,14:09:13,38.3100,22,1
2026-04-30,600036,14:09:16,38.3100,7,1
2026-04-30,600036,14:09:19,38.3000,32,2
2026-04-30,600036,14:09:22,38.3100,41,1
2026-04-30,600036,14:09:25,38.3000,386,2
2026-04-30,600036,14:09:28,38.3100,47,1
2026-04-30,600036,14:09:31,38.3100,59,1
2026-04-30,600036,14:09:34,38.3100,57,1
2026-04-30,600036,14:09:37,38.3100,4,1
2026-04-30,600036,14:09:40,38.3100,42,1
2026-04-30,600036,14:09:46,38.3100,177,1
2026-04-30,600036,14:09:49,38.3000,11,2
2026-04-30,600036,14:09:52,38.3100,11,1
2026-04-30,600036,14:09:55,38.3100,341,1
2026-04-30,600036,14:09:58,38.3000,41,2
2026-04-30,600036,14:10:01,38.3000,60,2
2026-04-30,600036,14:10:04,38.3000,121,2
2026-04-30,600036,14:10:07,38.3000,1120,2
2026-04-30,600036,14:10:10,38.3000,1420,2
2026-04-30,600036,14:10:13,38.3000,1366,2
2026-04-30,600036,14:10:16,38.2900,119,2
2026-04-30,600036,14:10:19,38.2900,43,2
2026-04-30,600036,14:10:22,38.2900,462,2
2026-04-30,600036,14:10:25,38.2900,171,2
2026-04-30,600036,14:10:28,38.3000,19,1
2026-04-30,600036,14:10:31,38.2900,37,2
2026-04-30,600036,14:10:34,38.2900,4,2
2026-04-30,600036,14:10:37,38.3000,59,1
2026-04-30,600036,14:10:40,38.3000,39,1
2026-04-30,600036,14:10:43,38.2900,6,2
2026-04-30,600036,14:10:46,38.2900,92,2
2026-04-30,600036,14:10:49,38.3000,17,1
2026-04-30,600036,14:10:52,38.2900,31,2
2026-04-30,600036,14:10:55,38.2900,148,2
2026-04-30,600036,14:10:58,38.2900,56,1
2026-04-30,600036,14:11:01,38.2800,49,2
2026-04-30,600036,14:11:04,38.2800,41,2
2026-04-30,600036,14:11:07,38.2800,282,2
2026-04-30,600036,14:11:10,38.2800,91,2
2026-04-30,600036,14:11:13,38.2800,101,2
2026-04-30,600036,14:11:16,38.2800,26,2
2026-04-30,600036,14:11:19,38.2900,45,1
2026-04-30,600036,14:11:22,38.2800,10,2
2026-04-30,600036,14:11:25,38.2900,10,1
2026-04-30,600036,14:11:28,38.2800,41,2
2026-04-30,600036,14:11:31,38.2800,24,2
2026-04-30,600036,14:11:34,38.2800,13,2
2026-04-30,600036,14:11:37,38.2800,45,2
2026-04-30,600036,14:11:40,38.2800,403,2
2026-04-30,600036,14:11:43,38.2900,417,1
2026-04-30,600036,14:11:46,38.2900,28,2
2026-04-30,600036,14:11:49,38.2900,107,2
2026-04-30,600036,14:11:52,38.2900,5,2
2026-04-30,600036,14:11:55,38.2900,39,2
2026-04-30,600036,14:11:58,38.2900,149,2
2026-04-30,600036,14:12:01,38.3000,26,1
2026-04-30,600036,14:12:04,38.3000,27,1
2026-04-30,600036,14:12:07,38.3000,11,1
2026-04-30,600036,14:12:10,38.3000,38,1
2026-04-30,600036,14:12:13,38.2900,16,2
2026-04-30,600036,14:12:16,38.3000,35,1
2026-04-30,600036,14:12:19,38.2900,15,2
2026-04-30,600036,14:12:22,38.2900,967,2
2026-04-30,600036,14:12:25,38.2900,54,2
2026-04-30,600036,14:12:28,38.2900,50,2
2026-04-30,600036,14:12:31,38.3000,17,1
2026-04-30,600036,14:12:34,38.2900,102,2
2026-04-30,600036,14:12:37,38.3000,63,1
2026-04-30,600036,14:12:40,38.2900,114,2
2026-04-30,600036,14:12:43,38.2900,35,2
2026-04-30,600036,14:12:46,38.2900,14,2
2026-04-30,600036,14:12:49,38.3000,29,1
2026-04-30,600036,14:12:52,38.2900,206,2
2026-04-30,600036,14:12:55,38.2900,38,1
2026-04-30,600036,14:12:58,38.2800,38,2
2026-04-30,600036,14:13:01,38.2900,59,1
2026-04-30,600036,14:13:04,38.2900,5,1
2026-04-30,600036,14:13:07,38.2900,32,1
2026-04-30,600036,14:13:10,38.2900,25,1
2026-04-30,600036,14:13:13,38.2800,62,2
2026-04-30,600036,14:13:16,38.2900,7,1
2026-04-30,600036,14:13:19,38.2800,25,2
2026-04-30,600036,14:13:22,38.2900,7,1
2026-04-30,600036,14:13:25,38.2900,42,1
2026-04-30,600036,14:13:28,38.2900,30,1
2026-04-30,600036,14:13:31,38.2900,31,1
2026-04-30,600036,14:13:34,38.2900,78,1
2026-04-30,600036,14:13:37,38.2900,55,1
2026-04-30,600036,14:13:40,38.2900,78,1
2026-04-30,600036,14:13:43,38.2900,35,1
2026-04-30,600036,14:13:46,38.2900,55,1
2026-04-30,600036,14:13:49,38.2900,25,1
2026-04-30,600036,14:13:52,38.2800,10,2
2026-04-30,600036,14:13:55,38.2900,59,1
2026-04-30,600036,14:13:58,38.2800,6,2
2026-04-30,600036,14:14:01,38.2900,835,1
2026-04-30,600036,14:14:04,38.3000,343,1
2026-04-30,600036,14:14:07,38.2900,10,2
2026-04-30,600036,14:14:10,38.3000,27,1
2026-04-30,600036,14:14:13,38.2900,29,2
2026-04-30,600036,14:14:16,38.3200,1849,1
2026-04-30,600036,14:14:19,38.3300,682,1
2026-04-30,600036,14:14:22,38.3200,274,4
2026-04-30,600036,14:14:25,38.3200,56,2
2026-04-30,600036,14:14:28,38.3200,89,1
2026-04-30,600036,14:14:31,38.3400,144,1
2026-04-30,600036,14:14:34,38.3300,34,1
2026-04-30,600036,14:14:37,38.3300,22,1
2026-04-30,600036,14:14:40,38.3300,111,1
2026-04-30,600036,14:14:43,38.3300,50,1
2026-04-30,600036,14:14:46,38.3300,22,1
2026-04-30,600036,14:14:49,38.3300,45,1
2026-04-30,600036,14:14:52,38.3300,27,2
2026-04-30,600036,14:14:55,38.3200,54,2
2026-04-30,600036,14:14:58,38.3200,258,2
2026-04-30,600036,14:15:01,38.3300,3,1
2026-04-30,600036,14:15:04,38.3200,27,2
2026-04-30,600036,14:15:07,38.3200,75,1
2026-04-30,600036,14:15:10,38.3200,50,1
2026-04-30,600036,14:15:13,38.3200,31,1
2026-04-30,600036,14:15:16,38.3100,167,2
2026-04-30,600036,14:15:19,38.3100,57,2
2026-04-30,600036,14:15:22,38.3200,77,1
2026-04-30,600036,14:15:25,38.3200,3,1
2026-04-30,600036,14:15:28,38.3100,15,2
2026-04-30,600036,14:15:31,38.3200,29,1
2026-04-30,600036,14:15:34,38.3200,62,1
2026-04-30,600036,14:15:37,38.3200,228,1
2026-04-30,600036,14:15:40,38.3100,47,2
2026-04-30,600036,14:15:43,38.3200,85,1
2026-04-30,600036,14:15:46,38.3200,117,1
2026-04-30,600036,14:15:49,38.3100,6,2
2026-04-30,600036,14:15:52,38.3200,182,1
2026-04-30,600036,14:15:55,38.3200,15,2
2026-04-30,600036,14:15:58,38.3200,114,2
2026-04-30,600036,14:16:01,38.3300,1,1
2026-04-30,600036,14:16:04,38.3300,26,1
2026-04-30,600036,14:16:07,38.3200,9,2
2026-04-30,600036,14:16:10,38.3300,31,1
2026-04-30,600036,14:16:13,38.3200,6,2
2026-04-30,600036,14:16:16,38.3200,38,2
2026-04-30,600036,14:16:19,38.3200,18,2
2026-04-30,600036,14:16:22,38.3300,12,1
2026-04-30,600036,14:16:25,38.3300,37,1
2026-04-30,600036,14:16:28,38.3300,33,1
2026-04-30,600036,14:16:31,38.3300,6,1
2026-04-30,600036,14:16:34,38.3300,53,1
2026-04-30,600036,14:16:37,38.3300,14,1
2026-04-30,600036,14:16:40,38.3300,26,1
2026-04-30,600036,14:16:43,38.3200,39,2
2026-04-30,600036,14:16:46,38.3300,40,1
2026-04-30,600036,14:16:49,38.3200,77,2
2026-04-30,600036,14:16:52,38.3300,186,1
2026-04-30,600036,14:16:55,38.3300,34,1
2026-04-30,600036,14:16:58,38.3300,220,1
2026-04-30,600036,14:17:01,38.3300,22,1
2026-04-30,600036,14:17:04,38.3200,230,2
2026-04-30,600036,14:17:07,38.3300,13,1
2026-04-30,600036,14:17:10,38.3300,101,1
2026-04-30,600036,14:17:13,38.3300,31,1
2026-04-30,600036,14:17:16,38.3300,21,1
2026-04-30,600036,14:17:19,38.3300,258,1
2026-04-30,600036,14:17:22,38.3300,50,1
2026-04-30,600036,14:17:25,38.3300,76,1
2026-04-30,600036,14:17:28,38.3300,254,1
2026-04-30,600036,14:17:31,38.3300,16,1
2026-04-30,600036,14:17:34,38.3200,117,2
2026-04-30,600036,14:17:37,38.3300,39,1
2026-04-30,600036,14:17:40,38.3300,1,1
2026-04-30,600036,14:17:43,38.3300,40,1
2026-04-30,600036,14:17:46,38.3300,106,1
2026-04-30,600036,14:17:49,38.3200,38,2
2026-04-30,600036,14:17:52,38.3300,3,1
2026-04-30,600036,14:17:55,38.3200,10,2
2026-04-30,600036,14:17:58,38.3200,177,2
2026-04-30,600036,14:18:01,38.3200,4,2
2026-04-30,600036,14:18:04,38.3300,31,1
2026-04-30,600036,14:18:07,38.3200,9,2
2026-04-30,600036,14:18:10,38.3300,324,1
2026-04-30,600036,14:18:13,38.3300,44,1
2026-04-30,600036,14:18:16,38.3200,162,2
2026-04-30,600036,14:18:19,38.3200,113,2
2026-04-30,600036,14:18:22,38.3200,41,2
2026-04-30,600036,14:18:25,38.3300,50,1
2026-04-30,600036,14:18:28,38.3300,76,1
2026-04-30,600036,14:18:31,38.3200,3,2
2026-04-30,600036,14:18:34,38.3300,17,1
2026-04-30,600036,14:18:37,38.3200,61,2
2026-04-30,600036,14:18:40,38.3300,45,1
2026-04-30,600036,14:18:43,38.3300,68,1
2026-04-30,600036,14:18:46,38.3200,845,2
2026-04-30,600036,14:18:49,38.3200,205,1
2026-04-30,600036,14:18:52,38.3100,102,2
2026-04-30,600036,14:18:55,38.3200,42,1
2026-04-30,600036,14:18:58,38.3100,71,2
2026-04-30,600036,14:19:01,38.3100,47,2
2026-04-30,600036,14:19:04,38.3100,20,2
2026-04-30,600036,14:19:07,38.3100,23,2
2026-04-30,600036,14:19:10,38.3200,44,1
2026-04-30,600036,14:19:13,38.3200,22,1
2026-04-30,600036,14:19:16,38.3100,25,2
2026-04-30,600036,14:19:19,38.3100,159,2
2026-04-30,600036,14:19:22,38.3200,166,1
2026-04-30,600036,14:19:25,38.3200,89,1
2026-04-30,600036,14:19:28,38.3100,100,2
2026-04-30,600036,14:19:31,38.3200,9,1
2026-04-30,600036,14:19:34,38.3000,1315,2
2026-04-30,600036,14:19:37,38.3100,137,1
2026-04-30,600036,14:19:40,38.3100,30,1
2026-04-30,600036,14:19:43,38.3000,67,2
2026-04-30,600036,14:19:46,38.3000,32,2
2026-04-30,600036,14:19:49,38.3100,14,1
2026-04-30,600036,14:19:52,38.3000,123,2
2026-04-30,600036,14:19:55,38.3000,23,2
2026-04-30,600036,14:19:58,38.3100,43,1
2026-04-30,600036,14:20:01,38.3000,90,2
2026-04-30,600036,14:20:04,38.3000,1079,2
2026-04-30,600036,14:20:07,38.3000,108,1
2026-04-30,600036,14:20:10,38.3000,30,1
2026-04-30,600036,14:20:13,38.3000,119,1
2026-04-30,600036,14:20:16,38.2900,81,2
2026-04-30,600036,14:20:19,38.2900,36,2
2026-04-30,600036,14:20:22,38.2900,44,2
2026-04-30,600036,14:20:25,38.3000,42,1
2026-04-30,600036,14:20:28,38.2900,51,2
2026-04-30,600036,14:20:31,38.3000,63,1
2026-04-30,600036,14:20:34,38.2900,105,2
2026-04-30,600036,14:20:37,38.3000,151,1
2026-04-30,600036,14:20:40,38.3000,25,1
2026-04-30,600036,14:20:43,38.3000,155,1
2026-04-30,600036,14:20:46,38.3000,33,1
2026-04-30,600036,14:20:49,38.3000,43,1
2026-04-30,600036,14:20:52,38.3000,23,1
2026-04-30,600036,14:20:55,38.3000,14,1
2026-04-30,600036,14:20:58,38.2900,26,2
2026-04-30,600036,14:21:01,38.3000,5,1
2026-04-30,600036,14:21:04,38.2900,200,2
2026-04-30,600036,14:21:07,38.2900,8,2
2026-04-30,600036,14:21:10,38.2900,118,2
2026-04-30,600036,14:21:13,38.2900,18,2
2026-04-30,600036,14:21:16,38.3000,83,1
2026-04-30,600036,14:21:19,38.2900,45,2
2026-04-30,600036,14:21:22,38.2900,78,2
2026-04-30,600036,14:21:25,38.2900,304,2
2026-04-30,600036,14:21:28,38.2900,34,1
2026-04-30,600036,14:21:31,38.2900,17,1
2026-04-30,600036,14:21:34,38.2800,9,2
2026-04-30,600036,14:21:37,38.2900,18,1
2026-04-30,600036,14:21:40,38.2900,12,1
2026-04-30,600036,14:21:43,38.2800,62,2
2026-04-30,600036,14:21:46,38.2900,37,1
2026-04-30,600036,14:21:49,38.2900,1162,1
2026-04-30,600036,14:21:52,38.2800,142,2
2026-04-30,600036,14:21:55,38.2800,147,2
2026-04-30,600036,14:21:58,38.2800,271,2
2026-04-30,600036,14:22:01,38.2900,13,1
2026-04-30,600036,14:22:04,38.2900,1,1
2026-04-30,600036,14:22:07,38.2900,75,1
2026-04-30,600036,14:22:10,38.2800,22,2
2026-04-30,600036,14:22:13,38.2900,54,1
2026-04-30,600036,14:22:16,38.2800,181,2
2026-04-30,600036,14:22:19,38.2800,64,2
2026-04-30,600036,14:22:22,38.2800,67,2
2026-04-30,600036,14:22:25,38.2800,252,2
2026-04-30,600036,14:22:28,38.2800,118,2
2026-04-30,600036,14:22:31,38.2800,152,2
2026-04-30,600036,14:22:34,38.2800,98,2
2026-04-30,600036,14:22:37,38.2900,32,1
2026-04-30,600036,14:22:40,38.2900,2,1
2026-04-30,600036,14:22:43,38.2800,43,2
2026-04-30,600036,14:22:46,38.2800,44,2
2026-04-30,600036,14:22:49,38.2900,39,1
2026-04-30,600036,14:22:52,38.2800,39,2
2026-04-30,600036,14:22:55,38.2800,290,2
2026-04-30,600036,14:22:58,38.2800,49,2
2026-04-30,600036,14:23:01,38.2800,890,1
2026-04-30,600036,14:23:04,38.2700,117,2
2026-04-30,600036,14:23:07,38.2800,56,1
2026-04-30,600036,14:23:10,38.2800,221,1
2026-04-30,600036,14:23:13,38.2800,324,1
2026-04-30,600036,14:23:16,38.2800,115,1
2026-04-30,600036,14:23:19,38.2800,84,1
2026-04-30,600036,14:23:22,38.2900,25,1
2026-04-30,600036,14:23:25,38.2900,76,1
2026-04-30,600036,14:23:28,38.2800,120,2
2026-04-30,600036,14:23:31,38.2800,69,2
2026-04-30,600036,14:23:34,38.2900,3,1
2026-04-30,600036,14:23:37,38.2800,258,2
2026-04-30,600036,14:23:40,38.2800,290,1
2026-04-30,600036,14:23:43,38.2700,126,2
2026-04-30,600036,14:23:46,38.2700,68,2
2026-04-30,600036,14:23:49,38.2800,42,1
2026-04-30,600036,14:23:52,38.2800,171,1
2026-04-30,600036,14:23:55,38.2900,115,1
2026-04-30,600036,14:23:58,38.2800,35,2
2026-04-30,600036,14:24:01,38.2900,10,1
2026-04-30,600036,14:24:04,38.2800,204,2
2026-04-30,600036,14:24:07,38.2800,31,2
2026-04-30,600036,14:24:10,38.2800,9,2
2026-04-30,600036,14:24:13,38.2700,93,2
2026-04-30,600036,14:24:16,38.2700,10,2
2026-04-30,600036,14:24:19,38.2800,418,2
2026-04-30,600036,14:24:22,38.2700,38,2
2026-04-30,600036,14:24:25,38.2800,46,1
2026-04-30,600036,14:24:28,38.2800,98,1
2026-04-30,600036,14:24:31,38.2800,9,1
2026-04-30,600036,14:24:34,38.2800,1,1
2026-04-30,600036,14:24:37,38.2800,55,1
2026-04-30,600036,14:24:40,38.2700,12,2
2026-04-30,600036,14:24:43,38.2800,48,1
2026-04-30,600036,14:24:46,38.2800,6,1
2026-04-30,600036,14:24:49,38.2700,38,2
2026-04-30,600036,14:24:52,38.2800,22,1
2026-04-30,600036,14:24:55,38.2700,11,2
2026-04-30,600036,14:24:58,38.2700,8,2
2026-04-30,600036,14:25:01,38.2800,44,1
2026-04-30,600036,14:25:04,38.2800,9,1
2026-04-30,600036,14:25:07,38.2800,35,1
2026-04-30,600036,14:25:10,38.2700,35,2
2026-04-30,600036,14:25:13,38.2700,51,2
2026-04-30,600036,14:25:16,38.2700,79,2
2026-04-30,600036,14:25:19,38.2700,93,2
2026-04-30,600036,14:25:22,38.2700,30,2
2026-04-30,600036,14:25:25,38.2700,270,2
2026-04-30,600036,14:25:28,38.2700,28,2
2026-04-30,600036,14:25:31,38.2700,254,2
2026-04-30,600036,14:25:34,38.2700,93,2
2026-04-30,600036,14:25:37,38.2800,32,1
2026-04-30,600036,14:25:40,38.2800,7,1
2026-04-30,600036,14:25:43,38.2700,8,2
2026-04-30,600036,14:25:46,38.2700,63,2
2026-04-30,600036,14:25:49,38.2800,59,1
2026-04-30,600036,14:25:52,38.2800,22,1
2026-04-30,600036,14:25:55,38.2800,300,1
2026-04-30,600036,14:25:58,38.2800,17,1
2026-04-30,600036,14:26:01,38.2700,58,2
2026-04-30,600036,14:26:04,38.2800,84,1
2026-04-30,600036,14:26:07,38.2700,513,2
2026-04-30,600036,14:26:10,38.2700,518,2
2026-04-30,600036,14:26:13,38.2700,176,2
2026-04-30,600036,14:26:16,38.2700,17,2
2026-04-30,600036,14:26:19,38.2700,36,2
2026-04-30,600036,14:26:22,38.2800,40,1
2026-04-30,600036,14:26:25,38.2700,15,2
2026-04-30,600036,14:26:28,38.2800,220,1
2026-04-30,600036,14:26:31,38.2700,261,2
2026-04-30,600036,14:26:34,38.2800,161,1
2026-04-30,600036,14:26:37,38.2800,26,1
2026-04-30,600036,14:26:40,38.2700,18,2
2026-04-30,600036,14:26:43,38.2700,56,2
2026-04-30,600036,14:26:46,38.2700,106,2
2026-04-30,600036,14:26:49,38.2800,74,1
2026-04-30,600036,14:26:52,38.2800,29,1
2026-04-30,600036,14:26:55,38.2700,13,2
2026-04-30,600036,14:26:58,38.2700,36,2
2026-04-30,600036,14:27:01,38.2800,255,1
2026-04-30,600036,14:27:04,38.2700,34,2
2026-04-30,600036,14:27:07,38.2800,8,1
2026-04-30,600036,14:27:10,38.2800,131,1
2026-04-30,600036,14:27:13,38.2800,79,1
2026-04-30,600036,14:27:16,38.2800,39,1
2026-04-30,600036,14:27:19,38.2700,72,2
2026-04-30,600036,14:27:22,38.2700,68,2
2026-04-30,600036,14:27:25,38.2800,962,1
2026-04-30,600036,14:27:28,38.2800,188,1
2026-04-30,600036,14:27:31,38.2800,15,1
2026-04-30,600036,14:27:34,38.2800,18,1
2026-04-30,600036,14:27:37,38.2800,108,1
2026-04-30,600036,14:27:40,38.2800,25,1
2026-04-30,600036,14:27:43,38.2800,44,1
2026-04-30,600036,14:27:46,38.2700,35,2
2026-04-30,600036,14:27:49,38.2800,16,1
2026-04-30,600036,14:27:52,38.2700,21,2
2026-04-30,600036,14:27:55,38.2800,11,1
2026-04-30,600036,14:27:58,38.2800,56,1
2026-04-30,600036,14:28:01,38.2700,408,2
2026-04-30,600036,14:28:04,38.2700,45,2
2026-04-30,600036,14:28:07,38.2800,46,1
2026-04-30,600036,14:28:10,38.2800,108,1
2026-04-30,600036,14:28:13,38.2800,39,1
2026-04-30,600036,14:28:16,38.2800,42,1
2026-04-30,600036,14:28:19,38.2800,86,1
2026-04-30,600036,14:28:22,38.2800,67,1
2026-04-30,600036,14:28:25,38.2700,41,2
2026-04-30,600036,14:28:28,38.2700,59,2
2026-04-30,600036,14:28:31,38.2800,130,1
2026-04-30,600036,14:28:34,38.2800,60,1
2026-04-30,600036,14:28:37,38.2700,49,2
2026-04-30,600036,14:28:40,38.2800,36,1
2026-04-30,600036,14:28:43,38.2700,97,2
2026-04-30,600036,14:28:46,38.2800,27,1
2026-04-30,600036,14:28:49,38.2800,205,1
2026-04-30,600036,14:28:52,38.2700,67,2
2026-04-30,600036,14:28:55,38.2800,21,1
2026-04-30,600036,14:28:58,38.2700,33,2
2026-04-30,600036,14:29:01,38.2700,511,2
2026-04-30,600036,14:29:04,38.2700,32,2
2026-04-30,600036,14:29:07,38.2800,90,1
2026-04-30,600036,14:29:10,38.2700,255,2
2026-04-30,600036,14:29:13,38.2700,1442,2
2026-04-30,600036,14:29:16,38.2700,75,2
2026-04-30,600036,14:29:19,38.2700,291,1
2026-04-30,600036,14:29:22,38.2600,71,2
2026-04-30,600036,14:29:25,38.2600,116,2
2026-04-30,600036,14:29:28,38.2700,115,1
2026-04-30,600036,14:29:31,38.2700,12,1
2026-04-30,600036,14:29:34,38.2700,23,1
2026-04-30,600036,14:29:37,38.2700,18,1
2026-04-30,600036,14:29:40,38.2600,49,2
2026-04-30,600036,14:29:43,38.2600,75,2
2026-04-30,600036,14:29:46,38.2700,126,1
2026-04-30,600036,14:29:49,38.2700,32,1
2026-04-30,600036,14:29:52,38.2600,18,2
2026-04-30,600036,14:29:55,38.2700,12,1
2026-04-30,600036,14:29:58,38.2700,11,1
2026-04-30,600036,14:30:01,38.2600,53,2
2026-04-30,600036,14:30:04,38.2600,375,2
2026-04-30,600036,14:30:07,38.2600,172,2
2026-04-30,600036,14:30:10,38.2700,42,1
2026-04-30,600036,14:30:13,38.2700,8,1
2026-04-30,600036,14:30:16,38.2600,180,2
2026-04-30,600036,14:30:19,38.2600,483,2
2026-04-30,600036,14:30:22,38.2600,263,2
2026-04-30,600036,14:30:25,38.2600,461,2
2026-04-30,600036,14:30:28,38.2600,88,2
2026-04-30,600036,14:30:31,38.2600,137,2
2026-04-30,600036,14:30:34,38.2700,158,1
2026-04-30,600036,14:30:37,38.2600,110,2
2026-04-30,600036,14:30:40,38.2700,78,1
2026-04-30,600036,14:30:43,38.2600,41,2
2026-04-30,600036,14:30:46,38.2700,19,1
2026-04-30,600036,14:30:49,38.2600,770,2
2026-04-30,600036,14:30:52,38.2700,139,1
2026-04-30,600036,14:30:55,38.2700,55,1
2026-04-30,600036,14:30:58,38.2600,38,2
2026-04-30,600036,14:31:01,38.2700,31,1
2026-04-30,600036,14:31:04,38.2600,197,2
2026-04-30,600036,14:31:07,38.2600,986,2
2026-04-30,600036,14:31:10,38.2500,212,2
2026-04-30,600036,14:31:13,38.2600,242,1
2026-04-30,600036,14:31:16,38.2600,101,1
2026-04-30,600036,14:31:19,38.2500,82,2
2026-04-30,600036,14:31:22,38.2600,35,1
2026-04-30,600036,14:31:25,38.2600,265,1
2026-04-30,600036,14:31:28,38.2600,18,2
2026-04-30,600036,14:31:31,38.2600,53,2
2026-04-30,600036,14:31:34,38.2600,52,2
2026-04-30,600036,14:31:37,38.2600,20,2
2026-04-30,600036,14:31:40,38.2700,6,1
2026-04-30,600036,14:31:43,38.2700,22,1
2026-04-30,600036,14:31:46,38.2600,164,2
2026-04-30,600036,14:31:49,38.2700,84,1
2026-04-30,600036,14:31:52,38.2700,4,1
2026-04-30,600036,14:31:55,38.2700,530,1
2026-04-30,600036,14:31:58,38.2600,29,2
2026-04-30,600036,14:32:01,38.2800,1090,1
2026-04-30,600036,14:32:04,38.2700,285,2
2026-04-30,600036,14:32:07,38.2800,90,1
2026-04-30,600036,14:32:10,38.2800,10,1
2026-04-30,600036,14:32:13,38.2800,99,1
2026-04-30,600036,14:32:16,38.2800,927,1
2026-04-30,600036,14:32:19,38.2700,443,2
2026-04-30,600036,14:32:22,38.2800,175,1
2026-04-30,600036,14:32:25,38.2800,104,2
2026-04-30,600036,14:32:28,38.2800,128,1
2026-04-30,600036,14:32:31,38.2800,33,1
2026-04-30,600036,14:32:34,38.2800,136,1
2026-04-30,600036,14:32:37,38.2800,36,1
2026-04-30,600036,14:32:40,38.2800,28,1
2026-04-30,600036,14:32:43,38.2800,30,1
2026-04-30,600036,14:32:46,38.2700,86,2
2026-04-30,600036,14:32:49,38.2800,501,1
2026-04-30,600036,14:32:52,38.2800,63,1
2026-04-30,600036,14:32:55,38.2800,18,4
2026-04-30,600036,14:32:58,38.2800,61,1
2026-04-30,600036,14:33:01,38.2800,81,4
2026-04-30,600036,14:33:04,38.2800,82,1
2026-04-30,600036,14:33:07,38.2700,195,2
2026-04-30,600036,14:33:10,38.2800,114,1
2026-04-30,600036,14:33:13,38.2800,131,1
2026-04-30,600036,14:33:16,38.2800,23,1
2026-04-30,600036,14:33:19,38.2700,197,2
2026-04-30,600036,14:33:22,38.2700,132,2
2026-04-30,600036,14:33:25,38.2800,104,1
2026-04-30,600036,14:33:28,38.2700,22,2
2026-04-30,600036,14:33:31,38.2700,24,2
2026-04-30,600036,14:33:34,38.2700,39,2
2026-04-30,600036,14:33:37,38.2800,16,1
2026-04-30,600036,14:33:40,38.2800,40,1
2026-04-30,600036,14:33:43,38.2700,106,2
2026-04-30,600036,14:33:46,38.2800,34,1
2026-04-30,600036,14:33:49,38.2800,87,1
2026-04-30,600036,14:33:52,38.2700,210,2
2026-04-30,600036,14:33:55,38.2700,1033,2
2026-04-30,600036,14:33:58,38.2700,181,1
2026-04-30,600036,14:34:01,38.2800,215,1
2026-04-30,600036,14:34:04,38.2700,92,1
2026-04-30,600036,14:34:07,38.2700,128,1
2026-04-30,600036,14:34:10,38.2700,83,1
2026-04-30,600036,14:34:13,38.2600,57,2
2026-04-30,600036,14:34:16,38.2700,66,1
2026-04-30,600036,14:34:19,38.2700,101,1
2026-04-30,600036,14:34:22,38.2700,53,1
2026-04-30,600036,14:34:25,38.2600,92,2
2026-04-30,600036,14:34:28,38.2700,99,1
2026-04-30,600036,14:34:31,38.2700,159,1
2026-04-30,600036,14:34:34,38.2700,145,1
2026-04-30,600036,14:34:37,38.2700,119,1
2026-04-30,600036,14:34:40,38.2600,38,2
2026-04-30,600036,14:34:43,38.2600,256,2
2026-04-30,600036,14:34:46,38.2700,1368,1
2026-04-30,600036,14:34:49,38.2700,40,4
2026-04-30,600036,14:34:52,38.2800,7,1
2026-04-30,600036,14:34:55,38.2700,37,2
2026-04-30,600036,14:34:58,38.2800,32,1
2026-04-30,600036,14:35:01,38.2800,55,1
2026-04-30,600036,14:35:04,38.2800,18,1
2026-04-30,600036,14:35:07,38.2800,100,1
2026-04-30,600036,14:35:10,38.2700,87,2
2026-04-30,600036,14:35:13,38.2800,59,1
2026-04-30,600036,14:35:16,38.2800,53,1
2026-04-30,600036,14:35:19,38.2800,34,1
2026-04-30,600036,14:35:22,38.2700,44,2
2026-04-30,600036,14:35:25,38.2800,137,1
2026-04-30,600036,14:35:28,38.2700,33,2
2026-04-30,600036,14:35:31,38.2800,13,1
2026-04-30,600036,14:35:34,38.2700,71,2
2026-04-30,600036,14:35:37,38.2700,15,2
2026-04-30,600036,14:35:40,38.2700,15,2
2026-04-30,600036,14:35:43,38.2800,19,1
2026-04-30,600036,14:35:46,38.2800,44,1
2026-04-30,600036,14:35:49,38.2800,93,1
2026-04-30,600036,14:35:52,38.2700,97,2
2026-04-30,600036,14:35:55,38.2800,186,1
2026-04-30,600036,14:35:58,38.2700,424,2
2026-04-30,600036,14:36:01,38.2700,165,1
2026-04-30,600036,14:36:04,38.2700,183,1
2026-04-30,600036,14:36:07,38.2600,208,2
2026-04-30,600036,14:36:10,38.2700,70,1
2026-04-30,600036,14:36:13,38.2700,85,1
2026-04-30,600036,14:36:16,38.2700,17,1
2026-04-30,600036,14:36:19,38.2700,36,1
2026-04-30,600036,14:36:22,38.2700,70,1
2026-04-30,600036,14:36:25,38.2700,68,1
2026-04-30,600036,14:36:28,38.2700,95,1
2026-04-30,600036,14:36:31,38.2700,21,1
2026-04-30,600036,14:36:34,38.2600,71,2
2026-04-30,600036,14:36:37,38.2700,679,1
2026-04-30,600036,14:36:40,38.2700,70,1
2026-04-30,600036,14:36:43,38.2700,102,1
2026-04-30,600036,14:36:46,38.2800,343,1
2026-04-30,600036,14:36:49,38.2700,77,2
2026-04-30,600036,14:36:52,38.2700,17,2
2026-04-30,600036,14:36:55,38.2700,331,2
2026-04-30,600036,14:36:58,38.2800,35,1
2026-04-30,600036,14:37:01,38.2700,71,2
2026-04-30,600036,14:37:04,38.2700,83,2
2026-04-30,600036,14:37:07,38.2700,44,2
2026-04-30,600036,14:37:10,38.2700,34,2
2026-04-30,600036,14:37:13,38.2700,73,2
2026-04-30,600036,14:37:16,38.2800,45,1
2026-04-30,600036,14:37:19,38.2700,233,2
2026-04-30,600036,14:37:22,38.2700,1878,1
2026-04-30,600036,14:37:25,38.2700,198,1
2026-04-30,600036,14:37:28,38.2700,132,1
2026-04-30,600036,14:37:31,38.2700,122,2
2026-04-30,600036,14:37:34,38.2800,11,1
2026-04-30,600036,14:37:37,38.2700,73,2
2026-04-30,600036,14:37:40,38.2600,43,2
2026-04-30,600036,14:37:43,38.2700,45,2
2026-04-30,600036,14:37:46,38.2700,52,1
2026-04-30,600036,14:37:49,38.2700,21,1
2026-04-30,600036,14:37:52,38.2700,47,1
2026-04-30,600036,14:37:55,38.2700,151,1
2026-04-30,600036,14:37:58,38.2700,66,1
2026-04-30,600036,14:38:01,38.2600,97,2
2026-04-30,600036,14:38:04,38.2700,107,1
2026-04-30,600036,14:38:07,38.2700,16,1
2026-04-30,600036,14:38:10,38.2700,24,1
2026-04-30,600036,14:38:13,38.2700,568,1
2026-04-30,600036,14:38:16,38.2700,86,1
2026-04-30,600036,14:38:19,38.2700,28,1
2026-04-30,600036,14:38:22,38.2700,695,1
2026-04-30,600036,14:38:25,38.2600,207,2
2026-04-30,600036,14:38:28,38.2700,35,1
2026-04-30,600036,14:38:31,38.2700,8,1
2026-04-30,600036,14:38:34,38.2600,1387,2
2026-04-30,600036,14:38:37,38.2700,93,1
2026-04-30,600036,14:38:40,38.2600,72,2
2026-04-30,600036,14:38:43,38.2600,86,2
2026-04-30,600036,14:38:46,38.2600,145,1
2026-04-30,600036,14:38:49,38.2600,28,1
2026-04-30,600036,14:38:52,38.2600,148,1
2026-04-30,600036,14:38:55,38.2700,750,1
2026-04-30,600036,14:38:58,38.2600,63,2
2026-04-30,600036,14:39:01,38.2600,22,2
2026-04-30,600036,14:39:04,38.2600,118,2
2026-04-30,600036,14:39:07,38.2700,283,1
2026-04-30,600036,14:39:10,38.2600,29,2
2026-04-30,600036,14:39:13,38.2600,13,2
2026-04-30,600036,14:39:16,38.2700,26,1
2026-04-30,600036,14:39:19,38.2700,16,1
2026-04-30,600036,14:39:22,38.2700,8,1
2026-04-30,600036,14:39:25,38.2600,69,2
2026-04-30,600036,14:39:28,38.2700,11,1
2026-04-30,600036,14:39:31,38.2700,16,1
2026-04-30,600036,14:39:34,38.2700,71,1
2026-04-30,600036,14:39:37,38.2700,51,1
2026-04-30,600036,14:39:40,38.2700,109,1
2026-04-30,600036,14:39:43,38.2700,68,1
2026-04-30,600036,14:39:46,38.2700,15,1
2026-04-30,600036,14:39:49,38.2600,26,2
2026-04-30,600036,14:39:52,38.2700,36,1
2026-04-30,600036,14:39:55,38.2700,76,1
2026-04-30,600036,14:39:58,38.2600,50,2
2026-04-30,600036,14:40:01,38.2600,127,2
2026-04-30,600036,14:40:04,38.2700,118,1
2026-04-30,600036,14:40:07,38.2700,7,1
2026-04-30,600036,14:40:10,38.2600,47,2
2026-04-30,600036,14:40:13,38.2700,32,1
2026-04-30,600036,14:40:16,38.2700,15,1
2026-04-30,600036,14:40:19,38.2600,69,2
2026-04-30,600036,14:40:22,38.2700,77,1
2026-04-30,600036,14:40:25,38.2700,84,1
2026-04-30,600036,14:40:28,38.2700,87,1
2026-04-30,600036,14:40:31,38.2600,84,2
2026-04-30,600036,14:40:34,38.2700,139,1
2026-04-30,600036,14:40:37,38.2700,68,1
2026-04-30,600036,14:40:40,38.2600,35,2
2026-04-30,600036,14:40:43,38.2700,21,1
2026-04-30,600036,14:40:46,38.2700,27,1
2026-04-30,600036,14:40:49,38.2700,51,1
2026-04-30,600036,14:40:52,38.2700,132,1
2026-04-30,600036,14:40:55,38.2700,101,1
2026-04-30,600036,14:40:58,38.2700,130,1
2026-04-30,600036,14:41:01,38.2700,135,1
2026-04-30,600036,14:41:04,38.2700,67,1
2026-04-30,600036,14:41:07,38.2700,36,1
2026-04-30,600036,14:41:10,38.2700,239,1
2026-04-30,600036,14:41:13,38.2700,46,1
2026-04-30,600036,14:41:16,38.2700,61,1
2026-04-30,600036,14:41:19,38.2700,45,1
2026-04-30,600036,14:41:22,38.2700,84,1
2026-04-30,600036,14:41:25,38.2700,228,1
2026-04-30,600036,14:41:28,38.2700,200,1
2026-04-30,600036,14:41:31,38.2700,248,1
2026-04-30,600036,14:41:34,38.2700,32,2
2026-04-30,600036,14:41:37,38.2700,287,2
2026-04-30,600036,14:41:40,38.2800,193,1
2026-04-30,600036,14:41:43,38.2800,981,1
2026-04-30,600036,14:41:46,38.2800,70,2
2026-04-30,600036,14:41:49,38.2900,244,1
2026-04-30,600036,14:41:52,38.3000,401,1
2026-04-30,600036,14:41:55,38.3000,231,1
2026-04-30,600036,14:41:58,38.2900,22,1
2026-04-30,600036,14:42:01,38.2900,65,1
2026-04-30,600036,14:42:04,38.2900,58,1
2026-04-30,600036,14:42:07,38.2800,392,2
2026-04-30,600036,14:42:10,38.2900,102,4
2026-04-30,600036,14:42:13,38.2800,57,2
2026-04-30,600036,14:42:16,38.2800,67,2
2026-04-30,600036,14:42:19,38.2800,60,2
2026-04-30,600036,14:42:22,38.2900,16,1
2026-04-30,600036,14:42:25,38.2900,50,1
2026-04-30,600036,14:42:28,38.2900,88,1
2026-04-30,600036,14:42:31,38.2900,96,1
2026-04-30,600036,14:42:34,38.2900,125,1
2026-04-30,600036,14:42:37,38.2800,161,2
2026-04-30,600036,14:42:40,38.2800,321,2
2026-04-30,600036,14:42:43,38.2800,221,2
2026-04-30,600036,14:42:46,38.2800,76,1
2026-04-30,600036,14:42:49,38.2800,34,1
2026-04-30,600036,14:42:52,38.2700,609,2
2026-04-30,600036,14:42:55,38.2700,529,2
2026-04-30,600036,14:42:58,38.2700,478,2
2026-04-30,600036,14:43:01,38.2700,55,2
2026-04-30,600036,14:43:04,38.2800,85,1
2026-04-30,600036,14:43:07,38.2800,36,1
2026-04-30,600036,14:43:10,38.2800,20,1
2026-04-30,600036,14:43:13,38.2800,81,1
2026-04-30,600036,14:43:16,38.2800,124,1
2026-04-30,600036,14:43:19,38.2800,168,1
2026-04-30,600036,14:43:22,38.2800,39,1
2026-04-30,600036,14:43:25,38.2800,199,1
2026-04-30,600036,14:43:28,38.2800,84,1
2026-04-30,600036,14:43:31,38.2800,99,1
2026-04-30,600036,14:43:34,38.2800,46,1
2026-04-30,600036,14:43:37,38.2700,101,2
2026-04-30,600036,14:43:40,38.2800,56,1
2026-04-30,600036,14:43:43,38.2800,30,1
2026-04-30,600036,14:43:46,38.2700,55,2
2026-04-30,600036,14:43:49,38.2800,89,1
2026-04-30,600036,14:43:52,38.2800,28,1
2026-04-30,600036,14:43:55,38.2800,68,1
2026-04-30,600036,14:43:58,38.2800,116,1
2026-04-30,600036,14:44:01,38.2800,162,1
2026-04-30,600036,14:44:04,38.2800,117,1
2026-04-30,600036,14:44:07,38.2700,729,2
2026-04-30,600036,14:44:10,38.2700,161,2
2026-04-30,600036,14:44:13,38.2800,76,1
2026-04-30,600036,14:44:16,38.2700,27,2
2026-04-30,600036,14:44:19,38.2800,124,1
2026-04-30,600036,14:44:22,38.2800,144,1
2026-04-30,600036,14:44:25,38.2800,1577,1
2026-04-30,600036,14:44:28,38.2800,437,2
2026-04-30,600036,14:44:31,38.2700,384,2
2026-04-30,600036,14:44:34,38.2800,327,1
2026-04-30,600036,14:44:37,38.2800,47,2
2026-04-30,600036,14:44:40,38.2800,35,2
2026-04-30,600036,14:44:43,38.2900,493,1
2026-04-30,600036,14:44:46,38.2900,214,2
2026-04-30,600036,14:44:49,38.2900,152,2
2026-04-30,600036,14:44:52,38.2900,266,2
2026-04-30,600036,14:44:55,38.2900,196,2
2026-04-30,600036,14:44:58,38.2800,450,2
2026-04-30,600036,14:45:01,38.2900,102,1
2026-04-30,600036,14:45:04,38.2800,432,2
2026-04-30,600036,14:45:07,38.2800,55,2
2026-04-30,600036,14:45:10,38.2900,59,1
2026-04-30,600036,14:45:13,38.2800,99,2
2026-04-30,600036,14:45:16,38.2800,321,2
2026-04-30,600036,14:45:19,38.2800,182,1
2026-04-30,600036,14:45:22,38.2800,469,1
2026-04-30,600036,14:45:25,38.2800,741,1
2026-04-30,600036,14:45:28,38.2800,107,1
2026-04-30,600036,14:45:31,38.2700,430,2
2026-04-30,600036,14:45:34,38.2700,145,2
2026-04-30,600036,14:45:37,38.2800,21,1
2026-04-30,600036,14:45:40,38.2700,53,2
2026-04-30,600036,14:45:43,38.2800,71,1
2026-04-30,600036,14:45:46,38.2800,49,1
2026-04-30,600036,14:45:49,38.2900,36,1
2026-04-30,600036,14:45:52,38.2800,83,2
2026-04-30,600036,14:45:55,38.2800,40,2
2026-04-30,600036,14:45:58,38.2900,142,1
2026-04-30,600036,14:46:01,38.2900,48,1
2026-04-30,600036,14:46:04,38.2800,71,2
2026-04-30,600036,14:46:07,38.2900,37,1
2026-04-30,600036,14:46:10,38.2900,26,1
2026-04-30,600036,14:46:13,38.2800,76,2
2026-04-30,600036,14:46:16,38.2900,81,1
2026-04-30,600036,14:46:19,38.2900,103,1
2026-04-30,600036,14:46:22,38.2800,67,2
2026-04-30,600036,14:46:25,38.2800,108,2
2026-04-30,600036,14:46:28,38.2900,105,1
2026-04-30,600036,14:46:31,38.2800,52,2
2026-04-30,600036,14:46:34,38.2900,81,1
2026-04-30,600036,14:46:37,38.2800,57,2
2026-04-30,600036,14:46:40,38.2800,78,2
2026-04-30,600036,14:46:43,38.2900,61,1
2026-04-30,600036,14:46:46,38.2800,65,2
2026-04-30,600036,14:46:49,38.2900,513,1
2026-04-30,600036,14:46:52,38.2800,208,2
2026-04-30,600036,14:46:55,38.2800,29,2
2026-04-30,600036,14:46:58,38.2800,383,2
2026-04-30,600036,14:47:01,38.2800,123,2
2026-04-30,600036,14:47:04,38.2800,82,2
2026-04-30,600036,14:47:07,38.2800,73,2
2026-04-30,600036,14:47:10,38.2900,109,1
2026-04-30,600036,14:47:13,38.2900,91,1
2026-04-30,600036,14:47:16,38.2900,38,1
2026-04-30,600036,14:47:19,38.2900,143,1
2026-04-30,600036,14:47:22,38.2900,47,1
2026-04-30,600036,14:47:25,38.2800,651,2
2026-04-30,600036,14:47:28,38.2800,335,2
2026-04-30,600036,14:47:31,38.2800,406,2
2026-04-30,600036,14:47:34,38.2900,213,1
2026-04-30,600036,14:47:37,38.2900,81,1
2026-04-30,600036,14:47:40,38.2900,52,1
2026-04-30,600036,14:47:43,38.2800,144,2
2026-04-30,600036,14:47:46,38.2900,75,1
2026-04-30,600036,14:47:49,38.2800,214,2
2026-04-30,600036,14:47:52,38.2900,53,1
2026-04-30,600036,14:47:55,38.2900,60,1
2026-04-30,600036,14:47:58,38.2900,349,1
2026-04-30,600036,14:48:01,38.2900,742,4
2026-04-30,600036,14:48:04,38.2900,216,1
2026-04-30,600036,14:48:07,38.2900,68,1
2026-04-30,600036,14:48:10,38.2900,117,4
2026-04-30,600036,14:48:13,38.2900,108,1
2026-04-30,600036,14:48:16,38.2900,331,1
2026-04-30,600036,14:48:19,38.2900,92,1
2026-04-30,600036,14:48:22,38.2900,835,1
2026-04-30,600036,14:48:25,38.2900,92,1
2026-04-30,600036,14:48:28,38.2900,124,1
2026-04-30,600036,14:48:31,38.2900,237,1
2026-04-30,600036,14:48:34,38.2900,82,1
2026-04-30,600036,14:48:37,38.2900,216,2
2026-04-30,600036,14:48:40,38.3000,375,1
2026-04-30,600036,14:48:43,38.3000,186,1
2026-04-30,600036,14:48:46,38.3000,145,1
2026-04-30,600036,14:48:49,38.3000,606,1
2026-04-30,600036,14:48:52,38.3000,563,2
2026-04-30,600036,14:48:55,38.3000,102,2
2026-04-30,600036,14:48:58,38.3000,1086,2
2026-04-30,600036,14:49:01,38.3100,133,1
2026-04-30,600036,14:49:04,38.3000,388,2
2026-04-30,600036,14:49:07,38.2900,771,2
2026-04-30,600036,14:49:10,38.3000,505,1
2026-04-30,600036,14:49:13,38.3100,128,1
2026-04-30,600036,14:49:16,38.3000,84,2
2026-04-30,600036,14:49:19,38.3000,686,2
2026-04-30,600036,14:49:22,38.2900,98,2
2026-04-30,600036,14:49:25,38.3000,50,1
2026-04-30,600036,14:49:28,38.3000,29,1
2026-04-30,600036,14:49:31,38.2900,331,2
2026-04-30,600036,14:49:34,38.3000,118,1
2026-04-30,600036,14:49:37,38.3000,70,1
2026-04-30,600036,14:49:40,38.3000,191,1
2026-04-30,600036,14:49:43,38.2900,142,2
2026-04-30,600036,14:49:46,38.3000,130,2
2026-04-30,600036,14:49:49,38.3000,59,2
2026-04-30,600036,14:49:52,38.2900,139,2
2026-04-30,600036,14:49:55,38.3000,95,1
2026-04-30,600036,14:49:58,38.2900,326,2
2026-04-30,600036,14:50:01,38.3000,138,1
2026-04-30,600036,14:50:04,38.3000,29,1
2026-04-30,600036,14:50:07,38.2900,55,2
2026-04-30,600036,14:50:10,38.3000,20,1
2026-04-30,600036,14:50:13,38.2900,161,2
2026-04-30,600036,14:50:16,38.3000,41,1
2026-04-30,600036,14:50:19,38.3000,41,1
2026-04-30,600036,14:50:22,38.3000,84,1
2026-04-30,600036,14:50:25,38.2900,123,2
2026-04-30,600036,14:50:28,38.3000,59,1
2026-04-30,600036,14:50:31,38.3000,582,1
2026-04-30,600036,14:50:34,38.3000,60,1
2026-04-30,600036,14:50:37,38.3000,67,1
2026-04-30,600036,14:50:40,38.3000,105,1
2026-04-30,600036,14:50:43,38.3000,56,1
2026-04-30,600036,14:50:46,38.3000,85,1
2026-04-30,600036,14:50:49,38.3000,16,1
2026-04-30,600036,14:50:52,38.3000,143,1
2026-04-30,600036,14:50:55,38.3000,58,1
2026-04-30,600036,14:50:58,38.3000,177,1
2026-04-30,600036,14:51:01,38.3000,176,4
2026-04-30,600036,14:51:04,38.3000,103,1
2026-04-30,600036,14:51:07,38.2900,193,2
2026-04-30,600036,14:51:10,38.3000,261,1
2026-04-30,600036,14:51:13,38.3000,94,2
2026-04-30,600036,14:51:16,38.3000,117,2
2026-04-30,600036,14:51:19,38.3100,66,1
2026-04-30,600036,14:51:22,38.3000,107,2
2026-04-30,600036,14:51:25,38.3100,37,1
2026-04-30,600036,14:51:28,38.3000,83,2
2026-04-30,600036,14:51:31,38.3100,193,1
2026-04-30,600036,14:51:34,38.3000,156,2
2026-04-30,600036,14:51:37,38.3000,57,2
2026-04-30,600036,14:51:40,38.3000,52,2
2026-04-30,600036,14:51:43,38.3100,43,1
2026-04-30,600036,14:51:46,38.3100,24,1
2026-04-30,600036,14:51:49,38.3100,663,1
2026-04-30,600036,14:51:52,38.3100,568,1
2026-04-30,600036,14:51:55,38.3100,30,1
2026-04-30,600036,14:51:58,38.3100,72,1
2026-04-30,600036,14:52:01,38.3000,387,2
2026-04-30,600036,14:52:04,38.3100,61,1
2026-04-30,600036,14:52:07,38.3000,374,2
2026-04-30,600036,14:52:10,38.3100,124,1
2026-04-30,600036,14:52:13,38.3100,14,1
2026-04-30,600036,14:52:16,38.3000,1358,2
2026-04-30,600036,14:52:19,38.3000,142,2
2026-04-30,600036,14:52:22,38.3000,40,2
2026-04-30,600036,14:52:25,38.3100,58,1
2026-04-30,600036,14:52:28,38.3000,86,2
2026-04-30,600036,14:52:31,38.3100,225,1
2026-04-30,600036,14:52:34,38.3100,213,1
2026-04-30,600036,14:52:37,38.3100,112,1
2026-04-30,600036,14:52:40,38.3100,88,1
2026-04-30,600036,14:52:43,38.3100,402,1
2026-04-30,600036,14:52:46,38.3100,442,1
2026-04-30,600036,14:52:49,38.3100,93,1
2026-04-30,600036,14:52:52,38.3100,667,1
2026-04-30,600036,14:52:55,38.3100,270,1
2026-04-30,600036,14:52:58,38.3100,760,1
2026-04-30,600036,14:53:01,38.3000,223,2
2026-04-30,600036,14:53:04,38.3000,147,2
2026-04-30,600036,14:53:07,38.3000,107,2
2026-04-30,600036,14:53:10,38.3000,637,2
2026-04-30,600036,14:53:13,38.3100,88,1
2026-04-30,600036,14:53:16,38.3000,19,2
2026-04-30,600036,14:53:19,38.3100,86,1
2026-04-30,600036,14:53:22,38.3100,69,1
2026-04-30,600036,14:53:25,38.3100,102,1
2026-04-30,600036,14:53:28,38.3000,472,2
2026-04-30,600036,14:53:31,38.3000,64,2
2026-04-30,600036,14:53:34,38.3000,215,2
2026-04-30,600036,14:53:37,38.3100,77,1
2026-04-30,600036,14:53:40,38.3100,76,1
2026-04-30,600036,14:53:43,38.3000,38,2
2026-04-30,600036,14:53:46,38.3000,234,2
2026-04-30,600036,14:53:49,38.3000,2545,2
2026-04-30,600036,14:53:52,38.3000,65,2
2026-04-30,600036,14:53:55,38.3100,448,1
2026-04-30,600036,14:53:58,38.3100,47,1
2026-04-30,600036,14:54:01,38.3000,443,2
2026-04-30,600036,14:54:04,38.3100,556,1
2026-04-30,600036,14:54:07,38.3100,123,1
2026-04-30,600036,14:54:10,38.3000,319,2
2026-04-30,600036,14:54:13,38.3100,166,1
2026-04-30,600036,14:54:16,38.3000,30,2
2026-04-30,600036,14:54:19,38.3000,961,2
2026-04-30,600036,14:54:22,38.3000,258,2
2026-04-30,600036,14:54:25,38.3100,91,1
2026-04-30,600036,14:54:28,38.3000,75,2
2026-04-30,600036,14:54:31,38.3000,463,2
2026-04-30,600036,14:54:34,38.3000,340,2
2026-04-30,600036,14:54:37,38.3100,711,1
2026-04-30,600036,14:54:40,38.3100,44,1
2026-04-30,600036,14:54:43,38.3000,189,2
2026-04-30,600036,14:54:46,38.3000,101,2
2026-04-30,600036,14:54:49,38.3000,444,2
2026-04-30,600036,14:54:52,38.3000,180,2
2026-04-30,600036,14:54:55,38.3000,125,2
2026-04-30,600036,14:54:58,38.3100,95,1
2026-04-30,600036,14:55:01,38.3000,1123,2
2026-04-30,600036,14:55:04,38.3100,216,1
2026-04-30,600036,14:55:07,38.3100,85,1
2026-04-30,600036,14:55:10,38.3000,134,2
2026-04-30,600036,14:55:13,38.3000,320,2
2026-04-30,600036,14:55:16,38.3000,474,2
2026-04-30,600036,14:55:19,38.3000,151,2
2026-04-30,600036,14:55:22,38.3100,163,1
2026-04-30,600036,14:55:25,38.3000,200,2
2026-04-30,600036,14:55:28,38.3000,217,2
2026-04-30,600036,14:55:31,38.3000,183,2
2026-04-30,600036,14:55:34,38.3000,96,2
2026-04-30,600036,14:55:37,38.3100,718,1
2026-04-30,600036,14:55:40,38.3000,266,2
2026-04-30,600036,14:55:43,38.3100,248,1
2026-04-30,600036,14:55:46,38.3000,144,2
2026-04-30,600036,14:55:49,38.3100,363,1
2026-04-30,600036,14:55:52,38.3100,170,1
2026-04-30,600036,14:55:55,38.3000,630,2
2026-04-30,600036,14:55:58,38.3100,135,1
2026-04-30,600036,14:56:01,38.3000,684,2
2026-04-30,600036,14:56:04,38.3100,282,1
2026-04-30,600036,14:56:07,38.3000,280,2
2026-04-30,600036,14:56:10,38.3100,161,1
2026-04-30,600036,14:56:13,38.3000,267,2
2026-04-30,600036,14:56:16,38.3100,98,1
2026-04-30,600036,14:56:19,38.3000,124,2
2026-04-30,600036,14:56:22,38.3100,108,1
2026-04-30,600036,14:56:25,38.3100,63,1
2026-04-30,600036,14:56:28,38.3100,246,1
2026-04-30,600036,14:56:31,38.3000,460,2
2026-04-30,600036,14:56:34,38.3100,238,1
2026-04-30,600036,14:56:37,38.3000,133,2
2026-04-30,600036,14:56:40,38.3100,135,1
2026-04-30,600036,14:56:43,38.3100,108,1
2026-04-30,600036,14:56:46,38.3100,207,2
2026-04-30,600036,14:56:49,38.3100,107,2
2026-04-30,600036,14:56:52,38.3200,42,1
2026-04-30,600036,14:56:55,38.3100,262,2
2026-04-30,600036,14:56:58,38.3100,54,2
2026-04-30,600036,14:57:01,38.3200,40,1
2026-04-30,600036,15:00:02,38.2700,20904,4
2026-04-30,600036,13:16:55,38.2900,633,2
2026-04-30,600036,13:16:58,38.2800,213,2
2026-04-30,600036,13:17:01,38.2800,82,2
2026-04-30,600036,13:17:04,38.2700,2079,2
2026-04-30,600036,13:17:07,38.2700,73,2
2026-04-30,600036,13:17:10,38.2600,371,2
2026-04-30,600036,13:17:13,38.2500,57,2
2026-04-30,600036,13:17:16,38.2500,151,2
2026-04-30,600036,13:17:19,38.2600,276,1
2026-04-30,600036,13:17:22,38.2600,45,1
2026-04-30,600036,13:17:25,38.2600,330,2
2026-04-30,600036,13:17:28,38.2600,192,2
2026-04-30,600036,13:17:31,38.2700,240,1
2026-04-30,600036,13:17:34,38.2600,360,2
2026-04-30,600036,13:17:37,38.2600,98,2
2026-04-30,600036,13:17:40,38.2600,20,2
2026-04-30,600036,13:17:43,38.2700,26,1
2026-04-30,600036,13:17:46,38.2700,158,1
2026-04-30,600036,13:17:49,38.2600,386,2
2026-04-30,600036,13:17:52,38.2600,55,2
2026-04-30,600036,13:17:55,38.2700,506,1
2026-04-30,600036,13:17:58,38.2700,87,2
2026-04-30,600036,13:18:01,38.2700,102,2
2026-04-30,600036,13:18:04,38.2700,41,2
2026-04-30,600036,13:18:07,38.2900,529,1
2026-04-30,600036,13:18:10,38.2800,85,1
2026-04-30,600036,13:18:13,38.2800,73,2
2026-04-30,600036,13:18:16,38.2800,224,2
2026-04-30,600036,13:18:19,38.2700,123,2
2026-04-30,600036,13:18:22,38.2800,96,1
2026-04-30,600036,13:18:25,38.2800,106,1
2026-04-30,600036,13:18:28,38.2900,195,1
2026-04-30,600036,13:18:31,38.2900,114,1
2026-04-30,600036,13:18:34,38.2800,2,2
2026-04-30,600036,13:18:37,38.2800,84,2
2026-04-30,600036,13:18:40,38.2800,32,2
2026-04-30,600036,13:18:46,38.2900,149,1
2026-04-30,600036,13:18:49,38.2800,78,2
2026-04-30,600036,13:18:52,38.2800,42,1
2026-04-30,600036,13:18:55,38.2800,182,1
2026-04-30,600036,13:18:58,38.2800,111,1
2026-04-30,600036,13:19:01,38.2800,70,1
2026-04-30,600036,13:19:04,38.2800,19,1
2026-04-30,600036,13:19:07,38.2700,267,2
2026-04-30,600036,13:19:10,38.2700,59,2
2026-04-30,600036,13:19:13,38.2800,144,1
2026-04-30,600036,13:19:16,38.2800,25,2
2026-04-30,600036,13:19:19,38.2800,27,2
2026-04-30,600036,13:19:22,38.2900,119,1
2026-04-30,600036,13:19:25,38.2900,96,1
2026-04-30,600036,13:19:28,38.2900,888,1
2026-04-30,600036,13:19:31,38.2800,80,2
2026-04-30,600036,13:19:34,38.2900,56,4
2026-04-30,600036,13:19:37,38.3000,23,1
2026-04-30,600036,13:19:40,38.3000,93,1
2026-04-30,600036,13:19:43,38.2900,37,2
2026-04-30,600036,13:19:46,38.2900,69,2
2026-04-30,600036,13:19:49,38.2900,145,2
2026-04-30,600036,13:19:52,38.2900,50,2
2026-04-30,600036,13:19:55,38.2800,257,2
2026-04-30,600036,13:19:58,38.2800,79,2
2026-04-30,600036,13:20:01,38.2800,61,2
2026-04-30,600036,13:20:04,38.2800,1236,2
2026-04-30,600036,13:20:07,38.2800,35,1
2026-04-30,600036,13:20:10,38.2800,169,1
2026-04-30,600036,13:20:13,38.2800,48,1
2026-04-30,600036,13:20:16,38.2800,278,1
2026-04-30,600036,13:20:19,38.2700,191,2
2026-04-30,600036,13:20:22,38.2900,346,1
2026-04-30,600036,13:20:25,38.2800,20,2
2026-04-30,600036,13:20:28,38.2900,22,1
2026-04-30,600036,13:20:31,38.2800,92,2
2026-04-30,600036,13:20:34,38.2800,88,2
2026-04-30,600036,13:20:37,38.2700,460,2
2026-04-30,600036,13:20:40,38.2800,66,1
2026-04-30,600036,13:20:43,38.2700,71,2
2026-04-30,600036,13:20:46,38.2700,198,2
2026-04-30,600036,13:20:49,38.2700,69,2
2026-04-30,600036,13:20:52,38.2700,142,1
2026-04-30,600036,13:20:55,38.2700,49,2
2026-04-30,600036,13:20:58,38.2700,75,2
2026-04-30,600036,13:21:01,38.2700,101,2
2026-04-30,600036,13:21:04,38.2700,71,2
2026-04-30,600036,13:21:07,38.2600,361,2
2026-04-30,600036,13:21:10,38.2600,36,1
2026-04-30,600036,13:21:13,38.2500,13,2
2026-04-30,600036,13:21:16,38.2600,125,1
2026-04-30,600036,13:21:19,38.2500,81,2
2026-04-30,600036,13:21:22,38.2600,51,1
2026-04-30,600036,13:21:25,38.2600,4,1
2026-04-30,600036,13:21:28,38.2600,12,1
2026-04-30,600036,13:21:31,38.2600,71,1
2026-04-30,600036,13:21:34,38.2500,14,2
2026-04-30,600036,13:21:37,38.2500,102,2
2026-04-30,600036,13:21:40,38.2500,50,2
2026-04-30,600036,13:21:43,38.2600,93,1
2026-04-30,600036,13:21:46,38.2500,4,2
2026-04-30,600036,13:21:49,38.2600,31,1
2026-04-30,600036,13:21:52,38.2600,22,1
2026-04-30,600036,13:21:55,38.2600,14,1
2026-04-30,600036,13:21:58,38.2500,44,2
2026-04-30,600036,13:22:01,38.2600,198,1
2026-04-30,600036,13:22:04,38.2500,460,2
2026-04-30,600036,13:22:07,38.2600,154,1
2026-04-30,600036,13:22:10,38.2600,123,1
2026-04-30,600036,13:22:13,38.2600,50,1
2026-04-30,600036,13:22:16,38.2600,76,1
2026-04-30,600036,13:22:19,38.2600,140,1
2026-04-30,600036,13:22:22,38.2600,37,1
2026-04-30,600036,13:22:25,38.2600,29,1
2026-04-30,600036,13:22:28,38.2600,123,1
2026-04-30,600036,13:22:31,38.2600,128,1
2026-04-30,600036,13:22:34,38.2600,36,1
2026-04-30,600036,13:22:37,38.2700,35,1
2026-04-30,600036,13:22:40,38.2600,24,2
2026-04-30,600036,13:22:43,38.2700,404,1
2026-04-30,600036,13:22:46,38.2700,85,1
2026-04-30,600036,13:22:49,38.2600,78,2
2026-04-30,600036,13:22:52,38.2700,29,1
2026-04-30,600036,13:22:55,38.2700,17,1
2026-04-30,600036,13:22:58,38.2600,46,2
2026-04-30,600036,13:23:01,38.2700,125,1
2026-04-30,600036,13:23:04,38.2700,202,1
2026-04-30,600036,13:23:07,38.2700,332,1
2026-04-30,600036,13:23:10,38.2700,89,1
2026-04-30,600036,13:23:13,38.2700,76,1
2026-04-30,600036,13:23:16,38.2600,126,2
2026-04-30,600036,13:23:19,38.2600,43,2
2026-04-30,600036,13:23:22,38.2700,64,1
2026-04-30,600036,13:23:25,38.2600,38,2
2026-04-30,600036,13:23:28,38.2600,100,2
2026-04-30,600036,13:23:31,38.2600,50,2
2026-04-30,600036,13:23:34,38.2700,31,1
2026-04-30,600036,13:23:37,38.2700,10,1
2026-04-30,600036,13:23:40,38.2600,41,2
2026-04-30,600036,13:23:43,38.2600,33,2
2026-04-30,600036,13:23:46,38.2700,127,1
2026-04-30,600036,13:23:49,38.2600,156,2
2026-04-30,600036,13:23:52,38.2700,443,1
2026-04-30,600036,13:23:55,38.2700,113,2
2026-04-30,600036,13:23:58,38.2700,42,2
2026-04-30,600036,13:24:01,38.2700,85,4
2026-04-30,600036,13:24:04,38.2700,119,1
2026-04-30,600036,13:24:07,38.2700,151,1
2026-04-30,600036,13:24:10,38.2600,238,2
2026-04-30,600036,13:24:13,38.2700,32,1
2026-04-30,600036,13:24:16,38.2600,57,2
2026-04-30,600036,13:24:19,38.2600,68,2
2026-04-30,600036,13:24:22,38.2700,186,1
2026-04-30,600036,13:24:25,38.2600,50,2
2026-04-30,600036,13:24:28,38.2700,86,1
2026-04-30,600036,13:24:31,38.2700,91,1
2026-04-30,600036,13:24:34,38.2700,39,1
2026-04-30,600036,13:24:37,38.2600,19,2
2026-04-30,600036,13:24:40,38.2700,517,1
2026-04-30,600036,13:24:43,38.2700,15,1
2026-04-30,600036,13:24:46,38.2700,40,1
2026-04-30,600036,13:24:49,38.2700,19,1
2026-04-30,600036,13:24:52,38.2600,24,2
2026-04-30,600036,13:24:55,38.2700,163,1
2026-04-30,600036,13:24:58,38.2700,48,1
2026-04-30,600036,13:25:01,38.2700,61,1
2026-04-30,600036,13:25:04,38.2700,37,1
2026-04-30,600036,13:25:07,38.2600,15,2
2026-04-30,600036,13:25:10,38.2700,41,1
2026-04-30,600036,13:25:13,38.2600,49,2
2026-04-30,600036,13:25:16,38.2700,9,1
2026-04-30,600036,13:25:19,38.2700,39,1
2026-04-30,600036,13:25:22,38.2700,24,1
2026-04-30,600036,13:25:25,38.2700,23,1
2026-04-30,600036,13:25:28,38.2600,76,2
2026-04-30,600036,13:25:31,38.2600,262,2
2026-04-30,600036,13:25:34,38.2600,80,2
2026-04-30,600036,13:25:37,38.2600,115,2
2026-04-30,600036,13:25:40,38.2600,42,2
2026-04-30,600036,13:25:43,38.2700,75,1
2026-04-30,600036,13:25:46,38.2700,214,1
2026-04-30,600036,13:25:49,38.2700,35,1
2026-04-30,600036,13:25:52,38.2600,145,2
2026-04-30,600036,13:25:55,38.2600,51,2
2026-04-30,600036,13:25:58,38.2700,14,1
2026-04-30,600036,13:26:01,38.2600,50,2
2026-04-30,600036,13:26:04,38.2700,51,1
2026-04-30,600036,13:26:07,38.2700,29,1
2026-04-30,600036,13:26:10,38.2700,66,1
2026-04-30,600036,13:26:13,38.2600,13,2
2026-04-30,600036,13:26:16,38.2700,502,1
2026-04-30,600036,13:26:19,38.2600,189,2
2026-04-30,600036,13:26:22,38.2600,1758,2
2026-04-30,600036,13:26:25,38.2500,396,2
2026-04-30,600036,13:26:28,38.2600,125,1
2026-04-30,600036,13:26:31,38.2500,61,2
2026-04-30,600036,13:26:34,38.2600,16,1
2026-04-30,600036,13:26:37,38.2600,67,1
2026-04-30,600036,13:26:40,38.2500,61,2
2026-04-30,600036,13:26:43,38.2600,3,1
2026-04-30,600036,13:26:46,38.2600,229,1
2026-04-30,600036,13:26:49,38.2600,103,1
2026-04-30,600036,13:26:52,38.2600,165,1
2026-04-30,600036,13:26:55,38.2600,132,1
2026-04-30,600036,13:26:58,38.2500,91,2
2026-04-30,600036,13:27:01,38.2600,170,1
2026-04-30,600036,13:27:04,38.2500,91,2
2026-04-30,600036,13:27:07,38.2600,17,1
2026-04-30,600036,13:27:10,38.2500,37,2
2026-04-30,600036,13:27:13,38.2500,21,2
2026-04-30,600036,13:27:16,38.2600,58,1
2026-04-30,600036,13:27:19,38.2600,15,1
2026-04-30,600036,13:27:22,38.2500,60,2
2026-04-30,600036,13:27:25,38.2600,72,1
2026-04-30,600036,13:27:28,38.2500,26,2
2026-04-30,600036,13:27:31,38.2600,31,1
2026-04-30,600036,13:27:34,38.2500,100,2
2026-04-30,600036,13:27:37,38.2500,66,2
2026-04-30,600036,13:27:40,38.2500,51,2
2026-04-30,600036,13:27:43,38.2500,35,2
2026-04-30,600036,13:27:46,38.2500,353,2
2026-04-30,600036,13:27:49,38.2600,47,1
2026-04-30,600036,13:27:52,38.2500,55,2
2026-04-30,600036,13:27:55,38.2600,392,1
2026-04-30,600036,13:27:58,38.2500,108,2
2026-04-30,600036,13:28:01,38.2500,63,2
2026-04-30,600036,13:28:04,38.2500,14,2
2026-04-30,600036,13:28:07,38.2500,276,2
2026-04-30,600036,13:28:10,38.2500,156,2
2026-04-30,600036,13:28:13,38.2500,148,2
2026-04-30,600036,13:28:16,38.2500,1858,2
2026-04-30,600036,13:28:19,38.2400,1155,2
2026-04-30,600036,13:28:22,38.2300,303,2
2026-04-30,600036,13:28:25,38.2300,121,2
2026-04-30,600036,13:28:28,38.2400,88,1
2026-04-30,600036,13:28:31,38.2400,188,1
2026-04-30,600036,13:28:34,38.2300,138,2
2026-04-30,600036,13:28:37,38.2300,31,2
2026-04-30,600036,13:28:40,38.2300,124,2
2026-04-30,600036,13:28:43,38.2300,49,1
2026-04-30,600036,13:28:46,38.2200,80,2
2026-04-30,600036,13:28:49,38.2300,5,1
2026-04-30,600036,13:28:52,38.2200,15,2
2026-04-30,600036,13:28:55,38.2300,30,1
2026-04-30,600036,13:28:58,38.2200,47,2
2026-04-30,600036,13:29:01,38.2300,45,1
2026-04-30,600036,13:29:04,38.2200,40,2
2026-04-30,600036,13:29:07,38.2300,466,1
2026-04-30,600036,13:29:10,38.2200,82,2
2026-04-30,600036,13:29:13,38.2300,24,1
2026-04-30,600036,13:29:16,38.2300,218,1
2026-04-30,600036,13:29:19,38.2300,26,1
2026-04-30,600036,13:29:22,38.2400,105,1
2026-04-30,600036,13:29:25,38.2300,14,4
2026-04-30,600036,13:29:28,38.2200,84,2
2026-04-30,600036,13:29:31,38.2300,239,4
2026-04-30,600036,13:29:34,38.2300,71,1
2026-04-30,600036,13:29:37,38.2400,40,1
2026-04-30,600036,13:29:40,38.2400,62,1
2026-04-30,600036,13:29:43,38.2400,72,1
2026-04-30,600036,13:29:46,38.2400,315,1
2026-04-30,600036,13:29:49,38.2400,106,2
2026-04-30,600036,13:29:52,38.2400,11,1
2026-04-30,600036,13:29:55,38.2400,90,1
2026-04-30,600036,13:29:58,38.2400,142,1
2026-04-30,600036,13:30:01,38.2500,74,1
2026-04-30,600036,13:30:04,38.2500,28,1
2026-04-30,600036,13:30:07,38.2500,8,1
2026-04-30,600036,13:30:10,38.2500,27,1
2026-04-30,600036,13:30:13,38.2500,32,1
2026-04-30,600036,13:30:16,38.2500,384,1
2026-04-30,600036,13:30:19,38.2400,61,2
2026-04-30,600036,13:30:22,38.2500,482,1
2026-04-30,600036,13:30:25,38.2500,85,2
2026-04-30,600036,13:30:28,38.2500,192,2
2026-04-30,600036,13:30:31,38.2500,33,1
2026-04-30,600036,13:30:34,38.2500,61,1
2026-04-30,600036,13:30:37,38.2400,124,2
2026-04-30,600036,13:30:40,38.2500,66,1
2026-04-30,600036,13:30:43,38.2500,51,1
2026-04-30,600036,13:30:46,38.2400,59,2
2026-04-30,600036,13:30:49,38.2400,26,2
2026-04-30,600036,13:30:52,38.2400,471,2
2026-04-30,600036,13:30:55,38.2400,10,2
2026-04-30,600036,13:30:58,38.2500,21,1
2026-04-30,600036,13:31:01,38.2500,119,1
2026-04-30,600036,13:31:04,38.2500,59,1
2026-04-30,600036,13:31:07,38.2500,45,1
2026-04-30,600036,13:31:10,38.2500,507,1
2026-04-30,600036,13:31:13,38.2500,59,2
2026-04-30,600036,13:31:16,38.2600,39,1
2026-04-30,600036,13:31:19,38.2400,25,2
2026-04-30,600036,13:31:22,38.2500,3,4
2026-04-30,600036,13:31:25,38.2600,3,1
2026-04-30,600036,13:31:28,38.2600,14,1
2026-04-30,600036,13:31:31,38.2500,9,2
2026-04-30,600036,13:31:34,38.2600,9,1
2026-04-30,600036,13:31:37,38.2600,76,1
2026-04-30,600036,13:31:40,38.2500,159,2
2026-04-30,600036,13:31:43,38.2500,604,2
2026-04-30,600036,13:31:46,38.2500,449,2
2026-04-30,600036,13:31:49,38.2500,316,2
2026-04-30,600036,13:31:52,38.2400,45,2
2026-04-30,600036,13:31:55,38.2500,64,1
2026-04-30,600036,13:31:58,38.2500,9,1
2026-04-30,600036,13:32:01,38.2400,22,2
2026-04-30,600036,13:32:04,38.2400,61,2
2026-04-30,600036,13:32:07,38.2400,42,2
2026-04-30,600036,13:32:10,38.2500,6,1
2026-04-30,600036,13:32:13,38.2500,21,1
2026-04-30,600036,13:32:16,38.2500,12,1
2026-04-30,600036,13:32:19,38.2500,16,1
2026-04-30,600036,13:32:22,38.2500,4,1
2026-04-30,600036,13:32:25,38.2500,30,1
2026-04-30,600036,13:32:28,38.2500,465,1
2026-04-30,600036,13:32:31,38.2500,195,1
2026-04-30,600036,13:32:34,38.2500,141,1
2026-04-30,600036,13:32:37,38.2600,212,1
2026-04-30,600036,13:32:40,38.2500,53,2
2026-04-30,600036,13:32:43,38.2500,62,2
2026-04-30,600036,13:32:46,38.2600,63,1
2026-04-30,600036,13:32:49,38.2600,148,1
2026-04-30,600036,13:32:52,38.2500,55,2
2026-04-30,600036,13:32:55,38.2500,120,2
2026-04-30,600036,13:32:58,38.2600,11,1
2026-04-30,600036,13:33:01,38.2600,36,1
2026-04-30,600036,13:33:04,38.2600,142,1
2026-04-30,600036,13:33:07,38.2600,18,1
2026-04-30,600036,13:33:10,38.2600,1,1
2026-04-30,600036,13:33:13,38.2500,9,2
2026-04-30,600036,13:33:16,38.2500,20,2
2026-04-30,600036,13:33:19,38.2500,21,2
2026-04-30,600036,13:33:22,38.2600,1494,1
2026-04-30,600036,13:33:25,38.2900,511,1
2026-04-30,600036,13:33:28,38.2800,137,4
2026-04-30,600036,13:33:31,38.2800,2922,1
2026-04-30,600036,13:33:34,38.2900,180,1
2026-04-30,600036,13:33:37,38.3000,140,1
2026-04-30,600036,13:33:40,38.3000,117,1
2026-04-30,600036,13:33:43,38.2800,194,2
2026-04-30,600036,13:33:46,38.2800,373,1
2026-04-30,600036,13:33:49,38.2900,151,1
2026-04-30,600036,13:33:52,38.2700,221,2
2026-04-30,600036,13:33:55,38.3000,152,1
2026-04-30,600036,13:33:58,38.2900,35,1
2026-04-30,600036,13:34:01,38.2900,1163,1
2026-04-30,600036,13:34:04,38.3000,80,1
2026-04-30,600036,13:34:07,38.2900,60,2
2026-04-30,600036,13:34:10,38.2900,97,2
2026-04-30,600036,13:34:13,38.3000,126,1
2026-04-30,600036,13:34:16,38.2900,151,1
2026-04-30,600036,13:34:19,38.3000,45,1
2026-04-30,600036,13:34:22,38.3000,438,1
2026-04-30,600036,13:34:25,38.3000,64,2
2026-04-30,600036,13:34:28,38.3000,167,2
2026-04-30,600036,13:34:31,38.3100,16,1
2026-04-30,600036,13:34:34,38.3100,119,1
2026-04-30,600036,13:34:37,38.3000,64,2
2026-04-30,600036,13:34:40,38.3100,66,1
2026-04-30,600036,13:34:43,38.3100,23,2
2026-04-30,600036,13:34:46,38.3100,257,1
2026-04-30,600036,13:34:49,38.3000,74,2
2026-04-30,600036,13:34:52,38.3000,59,2
2026-04-30,600036,13:34:55,38.3100,29,1
2026-04-30,600036,13:34:58,38.3000,26,2
2026-04-30,600036,13:35:01,38.3100,20,1
2026-04-30,600036,13:35:04,38.3000,60,2
2026-04-30,600036,13:35:07,38.3000,70,2
2026-04-30,600036,13:35:10,38.3000,263,2
2026-04-30,600036,13:35:13,38.3100,196,1
2026-04-30,600036,13:35:16,38.3100,199,1
2026-04-30,600036,13:35:19,38.3100,446,1
2026-04-30,600036,13:35:22,38.3100,24,1
2026-04-30,600036,13:35:25,38.3100,14,1
2026-04-30,600036,13:35:28,38.3100,22,1
2026-04-30,600036,13:35:31,38.3000,37,2
2026-04-30,600036,13:35:34,38.3000,26,2
2026-04-30,600036,13:35:37,38.3000,13,2
2026-04-30,600036,13:35:40,38.3100,104,1
2026-04-30,600036,13:35:43,38.3100,27,1
2026-04-30,600036,13:35:46,38.3100,398,1
2026-04-30,600036,13:35:49,38.3000,52,2
2026-04-30,600036,13:35:52,38.3100,5,1
2026-04-30,600036,13:35:55,38.3100,21,1
2026-04-30,600036,13:35:58,38.3100,17,1
2026-04-30,600036,13:36:01,38.3100,22,1
2026-04-30,600036,13:36:04,38.3100,192,1
2026-04-30,600036,13:36:07,38.3000,56,2
2026-04-30,600036,13:36:10,38.3000,29,2
2026-04-30,600036,13:36:13,38.3000,24,2
2026-04-30,600036,13:36:16,38.3100,254,1
2026-04-30,600036,13:36:19,38.3000,42,2
2026-04-30,600036,13:36:22,38.3000,38,2
2026-04-30,600036,13:36:25,38.3100,161,1
2026-04-30,600036,13:36:28,38.3000,413,2
2026-04-30,600036,13:36:31,38.3000,74,2
2026-04-30,600036,13:36:34,38.3100,34,1
2026-04-30,600036,13:36:37,38.3000,206,2
2026-04-30,600036,13:36:40,38.3000,127,2
2026-04-30,600036,13:36:43,38.2900,592,2
2026-04-30,600036,13:36:46,38.3000,184,1
2026-04-30,600036,13:36:49,38.3000,122,1
2026-04-30,600036,13:36:52,38.2800,545,2
2026-04-30,600036,13:36:55,38.3100,106,1
2026-04-30,600036,13:36:58,38.3000,12,2
2026-04-30,600036,13:37:01,38.3100,1439,1
2026-04-30,600036,13:37:04,38.3000,284,2
2026-04-30,600036,13:37:07,38.3200,538,1
2026-04-30,600036,13:37:10,38.3000,248,2
2026-04-30,600036,13:37:13,38.3100,524,4
2026-04-30,600036,13:37:16,38.3300,114,1
2026-04-30,600036,13:37:19,38.3300,22,1
2026-04-30,600036,13:37:22,38.3100,138,2
2026-04-30,600036,13:37:25,38.3000,333,2
2026-04-30,600036,13:37:28,38.3100,56,1
2026-04-30,600036,13:37:31,38.3100,123,1
2026-04-30,600036,13:37:34,38.3200,125,1
2026-04-30,600036,13:37:37,38.3100,87,2
2026-04-30,600036,13:37:40,38.3200,2086,1
2026-04-30,600036,13:37:43,38.3400,44,1
2026-04-30,600036,13:37:46,38.3300,32,2
2026-04-30,600036,13:37:49,38.3400,474,1
2026-04-30,600036,13:37:52,38.3300,599,2
2026-04-30,600036,13:37:55,38.3400,68,1
2026-04-30,600036,13:37:58,38.3400,68,1
2026-04-30,600036,13:38:01,38.3400,61,1
2026-04-30,600036,13:38:04,38.3300,468,2
2026-04-30,600036,13:38:07,38.3300,340,2
2026-04-30,600036,13:38:10,38.3300,87,1
2026-04-30,600036,13:38:13,38.3300,66,1
2026-04-30,600036,13:38:16,38.3400,100,1
2026-04-30,600036,13:38:19,38.3400,761,1
2026-04-30,600036,13:38:22,38.3400,227,2
2026-04-30,600036,13:38:25,38.3300,59,4
2026-04-30,600036,13:38:28,38.3200,44,2
2026-04-30,600036,13:38:31,38.3300,52,1
2026-04-30,600036,13:38:34,38.3300,62,1
2026-04-30,600036,13:38:37,38.3300,165,1
2026-04-30,600036,13:38:40,38.3400,258,1
2026-04-30,600036,13:38:43,38.3400,40,1
2026-04-30,600036,13:38:46,38.3400,3,1
2026-04-30,600036,13:38:49,38.3400,6,1
2026-04-30,600036,13:38:52,38.3300,62,2
2026-04-30,600036,13:38:55,38.3400,119,1
2026-04-30,600036,13:38:58,38.3300,190,4
2026-04-30,600036,13:39:01,38.3300,25,1
2026-04-30,600036,13:39:04,38.3300,94,1
2026-04-30,600036,13:39:07,38.3200,697,2
2026-04-30,600036,13:39:10,38.3300,28,1
2026-04-30,600036,13:39:13,38.3200,115,4
2026-04-30,600036,13:39:16,38.3200,8,2
2026-04-30,600036,13:39:19,38.3200,6,2
2026-04-30,600036,13:39:22,38.3300,51,1
2026-04-30,600036,13:39:25,38.3300,24,1
2026-04-30,600036,13:39:28,38.3300,30,1
2026-04-30,600036,13:39:31,38.3100,184,2
2026-04-30,600036,13:39:34,38.3200,12,1
2026-04-30,600036,13:39:37,38.3200,50,1
2026-04-30,600036,13:39:40,38.3200,113,1
2026-04-30,600036,13:39:43,38.3100,44,2
2026-04-30,600036,13:39:46,38.3200,38,1
2026-04-30,600036,13:39:49,38.3200,44,1
2026-04-30,600036,13:39:52,38.3200,291,1
2026-04-30,600036,13:39:55,38.3200,122,1
2026-04-30,600036,13:39:58,38.3200,121,1
2026-04-30,600036,13:40:01,38.3100,30,2
2026-04-30,600036,13:40:04,38.3200,57,1
2026-04-30,600036,13:40:07,38.3100,124,2
2026-04-30,600036,13:40:10,38.3200,44,1
2026-04-30,600036,13:40:13,38.3200,92,1
2026-04-30,600036,13:40:16,38.3100,2,2
2026-04-30,600036,13:40:19,38.3200,28,1
2026-04-30,600036,13:40:22,38.3100,52,2
2026-04-30,600036,13:40:25,38.3100,81,2
2026-04-30,600036,13:40:28,38.3100,63,2
2026-04-30,600036,13:40:31,38.3200,17,1
2026-04-30,600036,13:40:34,38.3200,147,1
2026-04-30,600036,13:40:37,38.3200,12,1
2026-04-30,600036,13:40:40,38.3100,9,2
2026-04-30,600036,13:40:43,38.3200,682,1
2026-04-30,600036,13:40:46,38.3200,29,1
2026-04-30,600036,13:40:49,38.3200,26,1
2026-04-30,600036,13:40:52,38.3200,40,1
2026-04-30,600036,13:40:55,38.3200,34,1
2026-04-30,600036,13:40:58,38.3200,106,1
2026-04-30,600036,13:41:01,38.3200,36,1
2026-04-30,600036,13:41:04,38.3100,510,2
2026-04-30,600036,13:41:07,38.3000,228,2
2026-04-30,600036,13:41:10,38.3000,91,2
2026-04-30,600036,13:41:13,38.3100,263,1
2026-04-30,600036,13:41:16,38.3000,147,2
2026-04-30,600036,13:41:19,38.3000,23,2
2026-04-30,600036,13:41:22,38.3000,16,2
2026-04-30,600036,13:41:25,38.3100,22,1
2026-04-30,600036,13:41:28,38.3000,66,2
2026-04-30,600036,13:41:31,38.3000,7,2
2026-04-30,600036,13:41:34,38.3100,352,1
2026-04-30,600036,13:41:37,38.3000,183,2
2026-04-30,600036,13:41:40,38.3000,40,2
2026-04-30,600036,13:41:43,38.3100,39,1
2026-04-30,600036,13:41:46,38.3100,188,1
2026-04-30,600036,13:41:49,38.3100,8,1
2026-04-30,600036,13:41:52,38.3100,108,1
2026-04-30,600036,13:41:55,38.3100,70,1
2026-04-30,600036,13:41:58,38.3000,72,2
2026-04-30,600036,13:42:01,38.3000,10,2
2026-04-30,600036,13:42:04,38.3000,854,2
2026-04-30,600036,13:42:07,38.3000,138,1
2026-04-30,600036,13:42:10,38.3000,55,1
2026-04-30,600036,13:42:13,38.3000,97,1
2026-04-30,600036,13:42:16,38.3000,131,1
2026-04-30,600036,13:42:19,38.3000,148,1
2026-04-30,600036,13:42:22,38.3000,1565,1
2026-04-30,600036,13:42:25,38.3000,88,1
2026-04-30,600036,13:42:28,38.3100,14,1
2026-04-30,600036,13:42:31,38.3100,20,2
2026-04-30,600036,13:42:34,38.3100,112,2
2026-04-30,600036,13:42:37,38.3200,190,1
2026-04-30,600036,13:42:40,38.3200,39,1
2026-04-30,600036,13:42:43,38.3200,14,1
2026-04-30,600036,13:42:46,38.3100,383,2
2026-04-30,600036,13:42:49,38.3200,103,1
2026-04-30,600036,13:42:52,38.3300,48,1
2026-04-30,600036,13:42:55,38.3300,45,1
2026-04-30,600036,13:42:58,38.3200,54,2
2026-04-30,600036,13:43:01,38.3300,23,1
2026-04-30,600036,13:43:04,38.3300,289,1
2026-04-30,600036,13:43:07,38.3300,259,1
2026-04-30,600036,13:43:10,38.3300,22,1
2026-04-30,600036,13:43:13,38.3200,179,2
2026-04-30,600036,13:43:16,38.3300,33,1
2026-04-30,600036,13:43:19,38.3300,18,1
2026-04-30,600036,13:43:22,38.3300,136,1
2026-04-30,600036,13:43:25,38.3300,139,1
2026-04-30,600036,13:43:28,38.3300,70,2
2026-04-30,600036,13:43:31,38.3300,21,2
2026-04-30,600036,13:43:34,38.3300,111,2
2026-04-30,600036,13:43:37,38.3300,48,2
2026-04-30,600036,13:43:40,38.3300,349,2
2026-04-30,600036,13:43:43,38.3300,814,1
2026-04-30,600036,13:43:46,38.3400,289,1
2026-04-30,600036,13:43:49,38.3300,1,2
2026-04-30,600036,13:43:52,38.3400,54,1
2026-04-30,600036,13:43:55,38.3300,301,2
2026-04-30,600036,13:43:58,38.3400,466,1
2026-04-30,600036,13:44:01,38.3300,65,4
2026-04-30,600036,13:44:04,38.3400,503,1
2026-04-30,600036,13:44:07,38.3300,7,2
2026-04-30,600036,13:44:10,38.3400,51,1
2026-04-30,600036,13:44:13,38.3400,387,1
2026-04-30,600036,13:44:16,38.3400,100,1
2026-04-30,600036,13:44:19,38.3300,47,2
2026-04-30,600036,13:44:22,38.3400,44,1
2026-04-30,600036,13:44:25,38.3400,1,1
2026-04-30,600036,13:44:28,38.3400,162,1
2026-04-30,600036,13:44:31,38.3300,15,2
2026-04-30,600036,13:44:34,38.3300,106,2
2026-04-30,600036,13:44:37,38.3400,176,1
2026-04-30,600036,13:44:40,38.3400,103,1
2026-04-30,600036,13:44:43,38.3400,108,1
2026-04-30,600036,13:44:46,38.3300,36,2
2026-04-30,600036,13:44:49,38.3400,13,1
2026-04-30,600036,13:44:52,38.3400,102,1
2026-04-30,600036,13:44:55,38.3400,15,1
2026-04-30,600036,13:44:58,38.3400,53,1
2026-04-30,600036,13:45:01,38.3400,102,1
2026-04-30,600036,13:45:04,38.3400,27,1
2026-04-30,600036,13:45:07,38.3300,37,2
2026-04-30,600036,13:45:10,38.3400,59,1
2026-04-30,600036,13:45:13,38.3300,174,2
2026-04-30,600036,13:45:16,38.3400,457,1
2026-04-30,600036,13:45:19,38.3400,13,1
2026-04-30,600036,13:45:22,38.3300,50,2
2026-04-30,600036,13:45:25,38.3400,88,1
2026-04-30,600036,13:45:28,38.3300,367,2
2026-04-30,600036,13:45:31,38.3300,23,4
2026-04-30,600036,13:45:34,38.3200,87,2
2026-04-30,600036,13:45:37,38.3300,217,1
2026-04-30,600036,13:45:40,38.3300,69,1
2026-04-30,600036,13:45:43,38.3300,57,1
2026-04-30,600036,13:45:46,38.3200,129,2
2026-04-30,600036,13:45:49,38.3200,19,2
2026-04-30,600036,13:45:52,38.3200,84,2
2026-04-30,600036,13:45:58,38.3200,74,2
2026-04-30,600036,13:46:01,38.3200,39,2
2026-04-30,600036,13:46:04,38.3200,332,2
2026-04-30,600036,13:46:07,38.3200,159,2
2026-04-30,600036,13:46:10,38.3200,75,2
2026-04-30,600036,13:46:13,38.3200,288,2
2026-04-30,600036,13:46:16,38.3300,69,1
2026-04-30,600036,13:46:19,38.3300,30,1
2026-04-30,600036,13:46:22,38.3300,47,1
2026-04-30,600036,13:46:25,38.3300,73,1
2026-04-30,600036,13:46:28,38.3300,9,1
2026-04-30,600036,13:46:31,38.3200,33,2
2026-04-30,600036,13:46:34,38.3200,29,2
2026-04-30,600036,13:46:37,38.3200,177,2
2026-04-30,600036,13:46:40,38.3300,736,1
2026-04-30,600036,13:46:43,38.3100,61,2
2026-04-30,600036,13:46:46,38.3100,166,2
2026-04-30,600036,13:46:49,38.3100,3,2
2026-04-30,600036,13:46:52,38.3100,94,2
2026-04-30,600036,13:46:55,38.3100,41,2
2026-04-30,600036,13:46:58,38.3100,81,2
2026-04-30,600036,13:47:01,38.3100,90,2
2026-04-30,600036,13:47:04,38.3100,25,2
2026-04-30,600036,13:47:07,38.3200,23,1
2026-04-30,600036,13:47:10,38.3100,1,2
2026-04-30,600036,13:47:13,38.3200,31,1
2026-04-30,600036,13:47:16,38.3100,244,2
2026-04-30,600036,13:47:19,38.3100,38,2
2026-04-30,600036,13:47:22,38.3100,59,2
2026-04-30,600036,13:47:25,38.3100,25,2
2026-04-30,600036,13:47:28,38.3200,9,1
2026-04-30,600036,13:47:31,38.3200,19,1
2026-04-30,600036,13:47:34,38.3100,35,2
2026-04-30,600036,13:47:37,38.3100,4,2
2026-04-30,600036,13:47:40,38.3200,18,1
2026-04-30,600036,13:47:43,38.3100,23,2
2026-04-30,600036,13:47:46,38.3200,416,1
2026-04-30,600036,13:47:49,38.3200,125,1
2026-04-30,600036,13:47:52,38.3200,261,1
2026-04-30,600036,13:47:55,38.3200,80,1
2026-04-30,600036,13:47:58,38.3100,542,2
2026-04-30,600036,13:48:01,38.3200,82,1
2026-04-30,600036,13:48:04,38.3200,31,1
2026-04-30,600036,13:48:07,38.3100,198,2
2026-04-30,600036,13:48:10,38.3100,72,2
2026-04-30,600036,13:48:13,38.3200,314,1
2026-04-30,600036,13:48:16,38.3200,17,2
2026-04-30,600036,13:48:19,38.3200,53,2
2026-04-30,600036,13:48:22,38.3300,40,1
2026-04-30,600036,13:48:25,38.3300,7,1
2026-04-30,600036,13:48:28,38.3300,33,1
2026-04-30,600036,13:48:31,38.3200,54,2
2026-04-30,600036,13:48:34,38.3200,132,2
2026-04-30,600036,13:48:37,38.3200,36,2
2026-04-30,600036,13:48:40,38.3300,777,1
2026-04-30,600036,13:48:43,38.3200,8,4
2026-04-30,600036,13:48:46,38.3200,86,1
2026-04-30,600036,13:48:49,38.3200,245,1
2026-04-30,600036,13:48:52,38.3200,84,1
2026-04-30,600036,13:48:55,38.3200,65,1
2026-04-30,600036,13:48:58,38.3200,35,1
2026-04-30,600036,13:49:01,38.3100,54,2
2026-04-30,600036,13:49:04,38.3200,3433,1
2026-04-30,600036,13:49:07,38.3200,127,1
2026-04-30,600036,13:49:10,38.3200,132,1
2026-04-30,600036,13:49:13,38.3200,135,1
2026-04-30,600036,13:49:16,38.3100,58,2
2026-04-30,600036,13:49:19,38.3200,8,1
2026-04-30,600036,13:49:22,38.3100,22,2
2026-04-30,600036,13:49:25,38.3200,12,4
2026-04-30,600036,13:49:28,38.3100,69,2
2026-04-30,600036,13:49:31,38.3200,16,1
2026-04-30,600036,13:49:34,38.3200,60,1
2026-04-30,600036,13:49:37,38.3100,7,2
2026-04-30,600036,13:49:40,38.3200,19,1
2026-04-30,600036,13:49:43,38.3100,40,2
2026-04-30,600036,13:49:46,38.3200,2,1
2026-04-30,600036,13:49:49,38.3100,65,2
2026-04-30,600036,13:49:52,38.3200,31,1
2026-04-30,600036,13:49:55,38.3200,11,1
2026-04-30,600036,13:49:58,38.3200,6,1
2026-04-30,600036,13:50:01,38.3200,9,1
2026-04-30,600036,13:50:04,38.3100,138,2
2026-04-30,600036,13:50:07,38.3100,9,2
2026-04-30,600036,13:50:10,38.3200,9,1
2026-04-30,600036,13:50:13,38.3200,85,1
2026-04-30,600036,13:50:16,38.3200,15,1
2026-04-30,600036,13:50:19,38.3300,330,1
2026-04-30,600036,13:50:22,38.3200,38,1
2026-04-30,600036,13:50:25,38.3300,50,1
2026-04-30,600036,13:50:28,38.3400,253,1
2026-04-30,600036,13:50:31,38.3100,205,2
2026-04-30,600036,13:50:34,38.3200,123,1
2026-04-30,600036,13:50:37,38.3200,71,2
2026-04-30,600036,13:50:40,38.3200,72,1
2026-04-30,600036,13:50:43,38.3300,4,1
2026-04-30,600036,13:50:46,38.3200,24,2
2026-04-30,600036,13:50:49,38.3200,13,2
2026-04-30,600036,13:50:52,38.3200,47,2
2026-04-30,600036,13:50:55,38.3200,168,2
2026-04-30,600036,13:50:58,38.3300,188,1
2026-04-30,600036,13:51:01,38.3100,49,2
2026-04-30,600036,13:51:04,38.3200,156,4
2026-04-30,600036,13:51:07,38.3100,21,2
2026-04-30,600036,13:51:10,38.3100,109,2
2026-04-30,600036,13:51:13,38.3100,15,2
2026-04-30,600036,13:51:16,38.3100,61,2
2026-04-30,600036,13:51:19,38.3200,149,1
2026-04-30,600036,13:51:22,38.3200,1,1
2026-04-30,600036,13:51:25,38.3200,95,1
2026-04-30,600036,13:51:28,38.3200,25,1
2026-04-30,600036,13:51:31,38.3200,312,1
2026-04-30,600036,13:51:34,38.3200,74,1
2026-04-30,600036,13:51:37,38.3300,18,1
2026-04-30,600036,13:51:40,38.3300,87,1
2026-04-30,600036,13:51:43,38.3300,9,1
2026-04-30,600036,13:51:46,38.3300,98,1
2026-04-30,600036,13:51:49,38.3300,98,1
2026-04-30,600036,13:51:52,38.3200,123,2
2026-04-30,600036,13:51:55,38.3300,186,1
2026-04-30,600036,13:51:58,38.3300,58,2
2026-04-30,600036,13:52:01,38.3400,423,1
2026-04-30,600036,13:52:04,38.3400,4,1
2026-04-30,600036,13:52:07,38.3300,59,2
2026-04-30,600036,13:52:10,38.3300,56,2
2026-04-30,600036,13:52:13,38.3400,16,1
2026-04-30,600036,13:52:16,38.3400,40,1
2026-04-30,600036,13:52:19,38.3400,77,1
2026-04-30,600036,13:52:22,38.3400,21,4
2026-04-30,600036,13:52:25,38.3300,38,2
2026-04-30,600036,13:52:28,38.3400,174,4
2026-04-30,600036,13:52:31,38.3300,24,2
2026-04-30,600036,13:52:34,38.3400,114,1
2026-04-30,600036,13:52:37,38.3400,260,1
2026-04-30,600036,13:52:40,38.3500,24,1
2026-04-30,600036,13:52:43,38.3400,37,2
2026-04-30,600036,13:52:46,38.3500,77,1
2026-04-30,600036,13:52:49,38.3400,24,2
2026-04-30,600036,13:52:52,38.3500,98,1
2026-04-30,600036,13:52:55,38.3400,115,2
2026-04-30,600036,13:52:58,38.3500,96,1
2026-04-30,600036,13:53:01,38.3500,33,1
2026-04-30,600036,13:53:04,38.3400,19,2
2026-04-30,600036,13:53:07,38.3500,287,1
2026-04-30,600036,13:53:10,38.3400,380,2
2026-04-30,600036,13:53:13,38.3400,438,2
2026-04-30,600036,13:53:16,38.3400,444,2
2026-04-30,600036,13:53:19,38.3500,54,1
2026-04-30,600036,13:53:22,38.3500,33,1
2026-04-30,600036,13:53:25,38.3400,23,2
2026-04-30,600036,13:53:28,38.3400,78,2
2026-04-30,600036,13:53:31,38.3400,37,2
2026-04-30,600036,13:53:34,38.3300,235,2
2026-04-30,600036,13:53:37,38.3300,59,2
2026-04-30,600036,13:53:40,38.3300,146,2
2026-04-30,600036,13:53:43,38.3300,127,2
2026-04-30,600036,13:53:46,38.3300,54,1
2026-04-30,600036,13:53:49,38.3300,45,1
2026-04-30,600036,13:53:52,38.3300,31,1
2026-04-30,600036,13:53:55,38.3200,50,2
2026-04-30,600036,13:53:58,38.3300,18,1
2026-04-30,600036,13:54:01,38.3300,18,1
2026-04-30,600036,13:54:04,38.3300,286,1
2026-04-30,600036,13:54:07,38.3300,46,1
2026-04-30,600036,13:54:10,38.3400,1363,1
2026-04-30,600036,13:54:13,38.3300,1,2
2026-04-30,600036,13:54:16,38.3500,74,1
2026-04-30,600036,13:54:19,38.3400,90,2
2026-04-30,600036,13:54:22,38.3500,75,1
2026-04-30,600036,13:54:25,38.3500,47,1
2026-04-30,600036,13:54:28,38.3500,14,1
2026-04-30,600036,13:54:31,38.3400,94,2
2026-04-30,600036,13:54:34,38.3500,61,1
2026-04-30,600036,13:54:37,38.3500,23,1
2026-04-30,600036,13:54:40,38.3500,28,1
2026-04-30,600036,13:54:43,38.3500,18,1
2026-04-30,600036,13:54:46,38.3500,126,1
2026-04-30,600036,13:54:49,38.3500,38,1
2026-04-30,600036,13:54:52,38.3500,31,1
2026-04-30,600036,13:54:55,38.3500,32,1
2026-04-30,600036,13:54:58,38.3500,20,1
2026-04-30,600036,13:55:01,38.3500,146,1
2026-04-30,600036,13:55:04,38.3500,124,1
2026-04-30,600036,13:55:07,38.3400,29,2
2026-04-30,600036,13:55:10,38.3500,109,1
2026-04-30,600036,13:55:13,38.3500,239,1
2026-04-30,600036,13:55:16,38.3500,51,1
2026-04-30,600036,13:55:19,38.3500,39,1
2026-04-30,600036,13:55:22,38.3500,51,1
2026-04-30,600036,13:55:25,38.3500,12,1
2026-04-30,600036,13:55:28,38.3500,44,1
2026-04-30,600036,13:55:31,38.3500,145,1
2026-04-30,600036,13:55:34,38.3500,60,1
2026-04-30,600036,13:55:37,38.3400,230,2
2026-04-30,600036,13:55:40,38.3500,27,1
2026-04-30,600036,13:55:43,38.3500,26,1
2026-04-30,600036,13:55:46,38.3500,134,1
2026-04-30,600036,13:55:49,38.3400,54,2
2026-04-30,600036,13:55:52,38.3400,144,2
2026-04-30,600036,13:55:55,38.3400,86,2
2026-04-30,600036,13:55:58,38.3400,43,1
2026-04-30,600036,13:56:01,38.3400,8,1
2026-04-30,600036,13:56:04,38.3400,37,1
2026-04-30,600036,13:56:07,38.3300,37,2
2026-04-30,600036,13:56:10,38.3400,353,1
2026-04-30,600036,13:56:13,38.3400,2,1
2026-04-30,600036,13:56:16,38.3400,53,1
2026-04-30,600036,13:56:19,38.3400,311,1
2026-04-30,600036,13:56:22,38.3400,327,2
2026-04-30,600036,13:56:25,38.3400,96,2
2026-04-30,600036,13:56:28,38.3300,123,2
2026-04-30,600036,13:56:31,38.3400,57,1
2026-04-30,600036,13:56:34,38.3300,200,2
2026-04-30,600036,13:56:37,38.3400,17,1
2026-04-30,600036,13:56:40,38.3400,16,1
2026-04-30,600036,13:56:43,38.3400,93,1
2026-04-30,600036,13:56:46,38.3400,115,1
2026-04-30,600036,13:56:49,38.3400,5,1
2026-04-30,600036,13:56:52,38.3400,30,1
2026-04-30,600036,13:56:55,38.3400,309,1
2026-04-30,600036,13:56:58,38.3500,280,1
2026-04-30,600036,13:57:01,38.3400,56,2
2026-04-30,600036,13:57:04,38.3400,202,2
2026-04-30,600036,13:57:07,38.3500,21,1
2026-04-30,600036,13:57:10,38.3500,43,1
2026-04-30,600036,13:57:13,38.3500,14,1
2026-04-30,600036,13:57:16,38.3400,43,2
2026-04-30,600036,13:57:19,38.3500,25,1
2026-04-30,600036,13:57:22,38.3400,10,2
2026-04-30,600036,13:57:25,38.3400,37,2
2026-04-30,600036,13:57:28,38.3400,75,2
2026-04-30,600036,13:57:31,38.3400,562,2
2026-04-30,600036,13:57:34,38.3400,60,2
2026-04-30,600036,13:57:37,38.3400,123,2
2026-04-30,600036,13:57:40,38.3400,161,2
2026-04-30,600036,13:57:43,38.3400,61,2
2026-04-30,600036,13:57:46,38.3400,127,1
2026-04-30,600036,13:57:49,38.3400,132,1
2026-04-30,600036,13:57:52,38.3300,25,2
2026-04-30,600036,13:57:55,38.3400,37,1
2026-04-30,600036,13:57:58,38.3400,88,1
2026-04-30,600036,13:58:01,38.3400,58,1
2026-04-30,600036,13:58:04,38.3300,28,2
2026-04-30,600036,13:58:07,38.3400,84,1
2026-04-30,600036,13:58:10,38.3300,46,2
2026-04-30,600036,13:58:13,38.3400,51,1
2026-04-30,600036,13:58:16,38.3400,110,1
2026-04-30,600036,13:58:19,38.3500,216,1
2026-04-30,600036,13:58:22,38.3400,53,4
2026-04-30,600036,13:58:25,38.3400,138,2
2026-04-30,600036,13:58:28,38.3400,23,1
2026-04-30,600036,13:58:31,38.3400,83,1
2026-04-30,600036,13:58:34,38.3400,179,1
2026-04-30,600036,13:58:37,38.3400,27,1
2026-04-30,600036,13:58:40,38.3400,30,1
2026-04-30,600036,13:58:43,38.3400,42,1
2026-04-30,600036,13:58:46,38.3400,60,1
2026-04-30,600036,13:58:49,38.3400,22,1
2026-04-30,600036,13:58:52,38.3400,17,1
2026-04-30,600036,13:58:55,38.3400,44,1
2026-04-30,600036,13:58:58,38.3400,36,1
2026-04-30,600036,13:59:01,38.3400,18,1
2026-04-30,600036,13:59:04,38.3400,17,1
2026-04-30,600036,13:59:07,38.3400,14,1
2026-04-30,600036,13:59:10,38.3400,132,1
2026-04-30,600036,13:59:13,38.3400,110,1
2026-04-30,600036,13:59:16,38.3400,20,1
2026-04-30,600036,13:59:19,38.3300,114,2
2026-04-30,600036,13:59:22,38.3400,15,1
2026-04-30,600036,13:59:25,38.3400,71,1
2026-04-30,600036,13:59:28,38.3400,30,1
2026-04-30,600036,13:59:31,38.3400,11,1
2026-04-30,600036,13:59:34,38.3400,24,1
2026-04-30,600036,13:59:37,38.3300,75,2
2026-04-30,600036,13:59:40,38.3400,286,1
2026-04-30,600036,13:59:43,38.3400,89,1
2026-04-30,600036,13:59:46,38.3300,77,2
2026-04-30,600036,13:59:49,38.3400,62,1
2026-04-30,600036,13:59:52,38.3300,16,2
2026-04-30,600036,13:59:55,38.3300,471,2
2026-04-30,600036,13:59:58,38.3300,859,1
2026-04-30,600036,14:00:01,38.3100,155,2
2026-04-30,600036,14:00:04,38.3100,301,2
2026-04-30,600036,14:00:07,38.3200,241,4
2026-04-30,600036,14:00:10,38.3200,35,2
2026-04-30,600036,14:00:13,38.3200,106,2
2026-04-30,600036,14:00:16,38.3200,78,1
2026-04-30,600036,14:00:19,38.3200,55,1
2026-04-30,600036,14:00:22,38.3100,28,2
2026-04-30,600036,14:00:25,38.3100,63,2
2026-04-30,600036,14:00:28,38.3100,160,2
2026-04-30,600036,14:00:31,38.3100,62,2
2026-04-30,600036,14:00:34,38.3100,23,2
2026-04-30,600036,14:00:37,38.3100,55,2
2026-04-30,600036,14:00:40,38.3200,42,1
2026-04-30,600036,14:00:43,38.3200,26,2
2026-04-30,600036,14:00:46,38.3200,232,2
2026-04-30,600036,14:00:49,38.3200,12,1
2026-04-30,600036,14:00:55,38.3200,43,1
2026-04-30,600036,14:00:58,38.3200,42,1
2026-04-30,600036,14:01:01,38.3200,11,1
2026-04-30,600036,14:01:04,38.3200,135,1
2026-04-30,600036,14:01:07,38.3200,30,1
2026-04-30,600036,14:01:10,38.3200,14,1
2026-04-30,600036,14:01:13,38.3100,137,2
2026-04-30,600036,14:01:16,38.3200,33,1
2026-04-30,600036,14:01:19,38.3200,52,1
2026-04-30,600036,14:01:22,38.3100,18,2
2026-04-30,600036,14:01:25,38.3200,13,1
2026-04-30,600036,14:01:28,38.3200,17,1
2026-04-30,600036,14:01:31,38.3200,23,1
2026-04-30,600036,14:01:34,38.3200,30,1
2026-04-30,600036,14:01:37,38.3200,38,1
2026-04-30,600036,14:01:40,38.3200,8,1
2026-04-30,600036,14:01:43,38.3200,85,1
2026-04-30,600036,14:01:46,38.3200,51,1
2026-04-30,600036,14:01:49,38.3200,29,1
2026-04-30,600036,14:01:52,38.3200,126,1
2026-04-30,600036,14:01:55,38.3200,19,1
2026-04-30,600036,14:01:58,38.3200,120,1
2026-04-30,600036,14:02:01,38.3200,66,1
2026-04-30,600036,14:02:04,38.3200,66,1
2026-04-30,600036,14:02:07,38.3100,52,2
2026-04-30,600036,14:02:10,38.3200,25,1
2026-04-30,600036,14:02:13,38.3200,197,1
2026-04-30,600036,14:02:16,38.3300,232,1
2026-04-30,600036,14:02:19,38.3200,117,2
2026-04-30,600036,14:02:22,38.3200,265,1
2026-04-30,600036,14:02:25,38.3300,21,1
2026-04-30,600036,14:02:28,38.3200,50,2
2026-04-30,600036,14:02:31,38.3300,5,1
2026-04-30,600036,14:02:34,38.3300,77,1
2026-04-30,600036,14:02:37,38.3200,80,2
2026-04-30,600036,14:02:40,38.3200,367,2
2026-04-30,600036,14:02:43,38.3200,38,1
2026-04-30,600036,14:02:46,38.3100,83,2
2026-04-30,600036,14:02:49,38.3100,38,2
2026-04-30,600036,14:02:52,38.3200,31,1
2026-04-30,600036,14:02:55,38.3100,160,2
2026-04-30,600036,14:02:58,38.3100,15,2
2026-04-30,600036,14:03:01,38.3200,28,1
2026-04-30,600036,14:03:04,38.3200,11,1
2026-04-30,600036,14:03:07,38.3200,84,1
2026-04-30,600036,14:03:10,38.3200,10,1
2026-04-30,600036,14:03:13,38.3200,33,1
2026-04-30,600036,14:03:16,38.3100,112,2
2026-04-30,600036,14:03:19,38.3200,71,1
2026-04-30,600036,14:03:22,38.3200,105,1
2026-04-30,600036,14:03:25,38.3200,180,1
2026-04-30,600036,14:03:28,38.3200,130,2
2026-04-30,600036,14:03:31,38.3200,75,1
2026-04-30,600036,14:03:34,38.3200,52,1
2026-04-30,600036,14:03:37,38.3200,141,1
2026-04-30,600036,14:03:40,38.3300,113,1
2026-04-30,600036,14:03:43,38.3300,42,1
2026-04-30,600036,14:03:46,38.3200,61,2
2026-04-30,600036,14:03:49,38.3300,238,1
2026-04-30,600036,14:03:52,38.3100,214,2
2026-04-30,600036,14:03:55,38.3200,103,1
2026-04-30,600036,14:03:58,38.3200,69,1
2026-04-30,600036,14:04:01,38.3100,179,2
2026-04-30,600036,14:04:04,38.3100,9,2
2026-04-30,600036,14:04:07,38.3200,43,1
2026-04-30,600036,14:04:10,38.3200,72,1
2026-04-30,600036,14:04:13,38.3200,21,1
2026-04-30,600036,14:04:16,38.3200,85,1
2026-04-30,600036,14:04:19,38.3200,63,1
2026-04-30,600036,14:04:22,38.3200,66,1
2026-04-30,600036,14:04:25,38.3100,194,2
2026-04-30,600036,14:04:28,38.3200,39,1
2026-04-30,600036,14:04:31,38.3200,131,1
2026-04-30,600036,14:04:34,38.3200,135,1
2026-04-30,600036,14:04:37,38.3200,38,1
2026-04-30,600036,14:04:40,38.3200,20,1
2026-04-30,600036,14:04:43,38.3200,17,1
2026-04-30,600036,14:04:46,38.3100,18,2
2026-04-30,600036,14:04:49,38.3200,65,1
2026-04-30,600036,14:04:52,38.3200,11,4
2026-04-30,600036,14:04:55,38.3200,36,1
2026-04-30,600036,14:04:58,38.3200,29,1
2026-04-30,600036,14:05:01,38.3200,26,1
2026-04-30,600036,14:05:04,38.3200,126,1
2026-04-30,600036,14:05:07,38.3100,19,2
2026-04-30,600036,14:05:10,38.3100,44,2
2026-04-30,600036,14:05:13,38.3200,8,1
2026-04-30,600036,14:05:16,38.3200,4,1
2026-04-30,600036,14:05:19,38.3200,64,1
2026-04-30,600036,14:05:22,38.3100,50,2
2026-04-30,600036,14:05:25,38.3000,1292,2
2026-04-30,600036,14:05:28,38.3100,67,1
2026-04-30,600036,14:05:31,38.3000,47,2
2026-04-30,600036,14:05:34,38.3100,12,1
2026-04-30,600036,14:05:37,38.3000,1,2
2026-04-30,600036,14:05:40,38.3100,20,1
2026-04-30,600036,14:05:43,38.3100,1,1
2026-04-30,600036,14:05:46,38.3100,61,1
2026-04-30,600036,14:05:49,38.3000,22,2
2026-04-30,600036,14:05:52,38.3100,25,1
2026-04-30,600036,14:05:55,38.3100,45,1
2026-04-30,600036,14:05:58,38.3000,66,2
2026-04-30,600036,14:06:01,38.3100,95,1
2026-04-30,600036,14:06:04,38.3100,31,1
2026-04-30,600036,14:06:07,38.3000,32,2
2026-04-30,600036,14:06:10,38.3000,20,2
2026-04-30,600036,14:06:13,38.3100,22,1
2026-04-30,600036,14:06:16,38.3100,7,1
2026-04-30,600036,14:06:19,38.3100,26,1
2026-04-30,600036,14:06:22,38.3100,28,1
2026-04-30,600036,14:06:25,38.3100,28,1
2026-04-30,600036,14:06:28,38.3100,14,1
2026-04-30,600036,14:06:31,38.3000,169,2
2026-04-30,600036,14:06:34,38.3100,10,1
2026-04-30,600036,14:06:37,38.3100,128,1
2026-04-30,600036,14:06:40,38.3000,45,2
2026-04-30,600036,14:06:43,38.3100,62,1
2026-04-30,600036,14:06:46,38.3100,64,1
2026-04-30,600036,14:06:49,38.3200,73,1
2026-04-30,600036,14:06:52,38.3100,18,2
2026-04-30,600036,14:06:55,38.3200,16,1
2026-04-30,600036,14:06:58,38.3200,1,1
2026-04-30,600036,14:07:01,38.3200,3,1
2026-04-30,600036,10:56:58,38.2100,104,1
2026-04-30,600036,10:57:01,38.2100,33,1
2026-04-30,600036,10:57:04,38.2100,797,1
2026-04-30,600036,10:57:07,38.2000,341,2
2026-04-30,600036,10:57:10,38.2100,131,1
2026-04-30,600036,10:57:13,38.2100,404,1
2026-04-30,600036,10:57:16,38.2100,135,1
2026-04-30,600036,10:57:19,38.2100,349,1
2026-04-30,600036,10:57:22,38.2100,79,1
2026-04-30,600036,10:57:25,38.2200,201,1
2026-04-30,600036,10:57:28,38.2100,96,2
2026-04-30,600036,10:57:31,38.2100,314,1
2026-04-30,600036,10:57:34,38.2100,141,1
2026-04-30,600036,10:57:37,38.2100,621,2
2026-04-30,600036,10:57:40,38.2100,151,1
2026-04-30,600036,10:57:43,38.2000,158,2
2026-04-30,600036,10:57:46,38.2100,57,1
2026-04-30,600036,10:57:49,38.2100,380,1
2026-04-30,600036,10:57:52,38.2100,186,1
2026-04-30,600036,10:57:55,38.2100,59,1
2026-04-30,600036,10:57:58,38.2100,357,1
2026-04-30,600036,10:58:01,38.2100,68,1
2026-04-30,600036,10:58:04,38.2100,415,1
2026-04-30,600036,10:58:07,38.2100,1193,1
2026-04-30,600036,10:58:10,38.2100,348,2
2026-04-30,600036,10:58:13,38.2100,1391,1
2026-04-30,600036,10:58:16,38.2100,186,1
2026-04-30,600036,10:58:19,38.2100,1223,1
2026-04-30,600036,10:58:22,38.2000,467,2
2026-04-30,600036,10:58:25,38.2100,394,1
2026-04-30,600036,10:58:28,38.2100,50,1
2026-04-30,600036,10:58:31,38.2100,71,1
2026-04-30,600036,10:58:34,38.2100,1053,1
2026-04-30,600036,10:58:37,38.2100,39,1
2026-04-30,600036,10:58:40,38.2100,225,1
2026-04-30,600036,10:58:43,38.2100,248,1
2026-04-30,600036,10:58:46,38.2000,798,2
2026-04-30,600036,10:58:49,38.2100,370,1
2026-04-30,600036,10:58:52,38.2000,229,2
2026-04-30,600036,10:58:55,38.2100,941,1
2026-04-30,600036,10:58:58,38.2000,73,2
2026-04-30,600036,10:59:01,38.2100,118,1
2026-04-30,600036,10:59:04,38.2100,283,1
2026-04-30,600036,10:59:07,38.2000,104,2
2026-04-30,600036,10:59:10,38.2000,462,2
2026-04-30,600036,10:59:13,38.2100,220,1
2026-04-30,600036,10:59:16,38.2000,106,2
2026-04-30,600036,10:59:19,38.2000,1023,2
2026-04-30,600036,10:59:22,38.2000,147,2
2026-04-30,600036,10:59:25,38.2000,694,2
2026-04-30,600036,10:59:28,38.2000,32,2
2026-04-30,600036,10:59:31,38.2000,316,2
2026-04-30,600036,10:59:34,38.2100,408,1
2026-04-30,600036,10:59:37,38.2100,133,1
2026-04-30,600036,10:59:40,38.2000,100,2
2026-04-30,600036,10:59:43,38.2000,369,2
2026-04-30,600036,10:59:46,38.1800,11899,2
2026-04-30,600036,10:59:49,38.1900,2120,1
2026-04-30,600036,10:59:52,38.1800,1126,2
2026-04-30,600036,10:59:55,38.1900,1117,1
2026-04-30,600036,10:59:58,38.1900,49,1
2026-04-30,600036,11:00:01,38.1900,134,1
2026-04-30,600036,11:00:04,38.1900,283,1
2026-04-30,600036,11:00:07,38.1800,203,2
2026-04-30,600036,11:00:10,38.1800,68,2
2026-04-30,600036,11:00:13,38.1800,433,2
2026-04-30,600036,11:00:16,38.1800,967,2
2026-04-30,600036,11:00:19,38.1800,390,1
2026-04-30,600036,11:00:22,38.1800,769,1
2026-04-30,600036,11:00:25,38.1800,171,1
2026-04-30,600036,11:00:28,38.1800,313,1
2026-04-30,600036,11:00:31,38.1700,201,2
2026-04-30,600036,11:00:34,38.1800,346,1
2026-04-30,600036,11:00:37,38.1800,472,1
2026-04-30,600036,11:00:40,38.1700,525,2
2026-04-30,600036,11:00:43,38.1700,359,2
2026-04-30,600036,11:00:46,38.1700,373,1
2026-04-30,600036,11:00:49,38.1700,131,2
2026-04-30,600036,11:00:52,38.1700,387,2
2026-04-30,600036,11:00:55,38.1700,218,1
2026-04-30,600036,11:00:58,38.1600,100,2
2026-04-30,600036,11:01:01,38.1700,280,1
2026-04-30,600036,11:01:04,38.1700,902,1
2026-04-30,600036,11:01:07,38.1600,1414,2
2026-04-30,600036,11:01:10,38.1600,167,1
2026-04-30,600036,11:01:13,38.1600,773,1
2026-04-30,600036,11:01:16,38.1600,447,2
2026-04-30,600036,11:01:19,38.1600,512,1
2026-04-30,600036,11:01:22,38.1600,456,2
2026-04-30,600036,11:01:25,38.1600,166,1
2026-04-30,600036,11:01:28,38.1600,424,1
2026-04-30,600036,11:01:31,38.1600,206,1
2026-04-30,600036,11:01:34,38.1500,145,2
2026-04-30,600036,11:01:37,38.1600,1863,1
2026-04-30,600036,11:01:40,38.1500,365,2
2026-04-30,600036,11:01:43,38.1600,563,1
2026-04-30,600036,11:01:46,38.1600,154,1
2026-04-30,600036,11:01:49,38.1600,284,1
2026-04-30,600036,11:01:52,38.1600,846,1
2026-04-30,600036,11:01:55,38.1600,214,1
2026-04-30,600036,11:01:58,38.1500,181,2
2026-04-30,600036,11:02:01,38.1600,39,1
2026-04-30,600036,11:02:04,38.1600,474,1
2026-04-30,600036,11:02:07,38.1600,356,1
2026-04-30,600036,11:02:10,38.1500,530,2
2026-04-30,600036,11:02:13,38.1500,485,2
2026-04-30,600036,11:02:16,38.1500,581,2
2026-04-30,600036,11:02:19,38.1500,410,2
2026-04-30,600036,11:02:22,38.1500,588,1
2026-04-30,600036,11:02:25,38.1600,130,4
2026-04-30,600036,11:02:28,38.1500,515,2
2026-04-30,600036,11:02:31,38.1500,113,2
2026-04-30,600036,11:02:34,38.1700,184,1
2026-04-30,600036,11:02:37,38.1700,322,1
2026-04-30,600036,11:02:40,38.1600,173,2
2026-04-30,600036,11:02:43,38.1500,429,2
2026-04-30,600036,11:02:46,38.1600,180,4
2026-04-30,600036,11:02:49,38.1600,184,2
2026-04-30,600036,11:02:52,38.1600,281,2
2026-04-30,600036,11:02:55,38.1600,302,1
2026-04-30,600036,11:02:58,38.1600,193,2
2026-04-30,600036,11:03:01,38.1700,209,1
2026-04-30,600036,11:03:04,38.1700,133,1
2026-04-30,600036,11:03:07,38.1700,361,1
2026-04-30,600036,11:03:10,38.1600,609,2
2026-04-30,600036,11:03:13,38.1600,451,2
2026-04-30,600036,11:03:16,38.1600,171,1
2026-04-30,600036,11:03:19,38.1600,425,1
2026-04-30,600036,11:03:22,38.1600,350,1
2026-04-30,600036,11:03:25,38.1600,227,1
2026-04-30,600036,11:03:28,38.1500,211,2
2026-04-30,600036,11:03:31,38.1600,154,1
2026-04-30,600036,11:03:34,38.1500,214,2
2026-04-30,600036,11:03:37,38.1600,112,1
2026-04-30,600036,11:03:40,38.1600,257,1
2026-04-30,600036,11:03:43,38.1600,184,1
2026-04-30,600036,11:03:46,38.1600,108,1
2026-04-30,600036,11:03:49,38.1600,86,1
2026-04-30,600036,11:03:52,38.1500,416,2
2026-04-30,600036,11:03:55,38.1600,78,1
2026-04-30,600036,11:03:58,38.1600,64,1
2026-04-30,600036,11:04:01,38.1600,106,1
2026-04-30,600036,11:04:04,38.1600,129,1
2026-04-30,600036,11:04:07,38.1500,691,2
2026-04-30,600036,11:04:10,38.1600,168,1
2026-04-30,600036,11:04:13,38.1600,171,1
2026-04-30,600036,11:04:16,38.1600,200,1
2026-04-30,600036,11:04:19,38.1500,112,2
2026-04-30,600036,11:04:22,38.1500,321,2
2026-04-30,600036,11:04:25,38.1500,266,1
2026-04-30,600036,11:04:28,38.1500,263,1
2026-04-30,600036,11:04:31,38.1500,46,1
2026-04-30,600036,11:04:34,38.1500,70,2
2026-04-30,600036,11:04:37,38.1600,472,1
2026-04-30,600036,11:04:40,38.1500,215,4
2026-04-30,600036,11:04:43,38.1500,216,2
2026-04-30,600036,11:04:46,38.1500,141,2
2026-04-30,600036,11:04:49,38.1500,568,1
2026-04-30,600036,11:04:52,38.1500,312,1
2026-04-30,600036,11:04:55,38.1500,149,1
2026-04-30,600036,11:04:58,38.1500,60,2
2026-04-30,600036,11:05:01,38.1500,285,2
2026-04-30,600036,11:05:04,38.1500,114,2
2026-04-30,600036,11:05:07,38.1400,113,2
2026-04-30,600036,11:05:10,38.1400,341,2
2026-04-30,600036,11:05:13,38.1400,138,2
2026-04-30,600036,11:05:16,38.1400,1222,2
2026-04-30,600036,11:05:19,38.1400,483,2
2026-04-30,600036,11:05:22,38.1400,483,2
2026-04-30,600036,11:05:25,38.1400,418,1
2026-04-30,600036,11:05:28,38.1300,53,2
2026-04-30,600036,11:05:31,38.1400,743,1
2026-04-30,600036,11:05:34,38.1400,200,1
2026-04-30,600036,11:05:37,38.1400,579,1
2026-04-30,600036,11:05:40,38.1400,85,1
2026-04-30,600036,11:05:43,38.1300,652,2
2026-04-30,600036,11:05:46,38.1400,301,4
2026-04-30,600036,11:05:49,38.1400,50,2
2026-04-30,600036,11:05:52,38.1300,105,2
2026-04-30,600036,11:05:55,38.1400,136,1
2026-04-30,600036,11:05:58,38.1300,382,2
2026-04-30,600036,11:06:01,38.1300,164,2
2026-04-30,600036,11:06:04,38.1300,1128,2
2026-04-30,600036,11:06:07,38.1300,773,2
2026-04-30,600036,11:06:10,38.1300,188,2
2026-04-30,600036,11:06:13,38.1400,153,1
2026-04-30,600036,11:06:16,38.1300,87,2
2026-04-30,600036,11:06:19,38.1300,138,1
2026-04-30,600036,11:06:22,38.1200,605,2
2026-04-30,600036,11:06:25,38.1200,412,2
2026-04-30,600036,11:06:28,38.1200,357,2
2026-04-30,600036,11:06:31,38.1200,67,2
2026-04-30,600036,11:06:34,38.1200,509,2
2026-04-30,600036,11:06:37,38.1200,1016,2
2026-04-30,600036,11:06:40,38.1200,1439,2
2026-04-30,600036,11:06:43,38.1200,282,2
2026-04-30,600036,11:06:46,38.1300,130,1
2026-04-30,600036,11:06:49,38.1200,161,2
2026-04-30,600036,11:06:52,38.1200,640,2
2026-04-30,600036,11:06:55,38.1300,473,1
2026-04-30,600036,11:06:58,38.1200,142,2
2026-04-30,600036,11:07:01,38.1200,228,2
2026-04-30,600036,11:07:04,38.1200,498,2
2026-04-30,600036,11:07:07,38.1200,511,2
2026-04-30,600036,11:07:10,38.1300,69,1
2026-04-30,600036,11:07:13,38.1200,442,2
2026-04-30,600036,11:07:16,38.1200,140,2
2026-04-30,600036,11:07:19,38.1200,331,2
2026-04-30,600036,11:07:22,38.1200,368,2
2026-04-30,600036,11:07:25,38.1200,240,2
2026-04-30,600036,11:07:28,38.1300,125,1
2026-04-30,600036,11:07:31,38.1200,248,2
2026-04-30,600036,11:07:34,38.1300,237,1
2026-04-30,600036,11:07:37,38.1200,383,2
2026-04-30,600036,11:07:40,38.1300,213,1
2026-04-30,600036,11:07:43,38.1200,481,2
2026-04-30,600036,11:07:46,38.1300,510,1
2026-04-30,600036,11:07:49,38.1200,209,2
2026-04-30,600036,11:07:52,38.1300,17,1
2026-04-30,600036,11:07:55,38.1200,478,2
2026-04-30,600036,11:07:58,38.1300,44,1
2026-04-30,600036,11:08:01,38.1300,212,1
2026-04-30,600036,11:08:04,38.1200,223,2
2026-04-30,600036,11:08:07,38.1300,428,1
2026-04-30,600036,11:08:10,38.1200,123,2
2026-04-30,600036,11:08:13,38.1200,304,2
2026-04-30,600036,11:08:16,38.1200,199,2
2026-04-30,600036,11:08:19,38.1300,133,1
2026-04-30,600036,11:08:22,38.1300,1422,1
2026-04-30,600036,11:08:25,38.1300,55,1
2026-04-30,600036,11:08:28,38.1300,127,1
2026-04-30,600036,11:08:31,38.1300,168,1
2026-04-30,600036,11:08:34,38.1300,187,1
2026-04-30,600036,11:08:37,38.1300,400,2
2026-04-30,600036,11:08:40,38.1300,181,2
2026-04-30,600036,11:08:43,38.1400,56,1
2026-04-30,600036,11:08:46,38.1400,90,1
2026-04-30,600036,11:08:49,38.1400,63,1
2026-04-30,600036,11:08:52,38.1300,406,2
2026-04-30,600036,11:08:55,38.1400,146,1
2026-04-30,600036,11:08:58,38.1400,155,1
2026-04-30,600036,11:09:01,38.1300,756,2
2026-04-30,600036,11:09:04,38.1300,362,1
2026-04-30,600036,11:09:07,38.1300,388,1
2026-04-30,600036,11:09:10,38.1300,678,1
2026-04-30,600036,11:09:13,38.1300,98,1
2026-04-30,600036,11:09:16,38.1300,1061,1
2026-04-30,600036,11:09:19,38.1300,520,1
2026-04-30,600036,11:09:22,38.1300,114,1
2026-04-30,600036,11:09:25,38.1200,342,2
2026-04-30,600036,11:09:28,38.1200,353,2
2026-04-30,600036,11:09:31,38.1200,152,2
2026-04-30,600036,11:09:34,38.1200,133,2
2026-04-30,600036,11:09:37,38.1300,70,1
2026-04-30,600036,11:09:40,38.1300,126,2
2026-04-30,600036,11:09:43,38.1300,115,1
2026-04-30,600036,11:09:46,38.1300,59,1
2026-04-30,600036,11:09:49,38.1300,142,1
2026-04-30,600036,11:09:52,38.1200,88,2
2026-04-30,600036,11:09:55,38.1300,409,1
2026-04-30,600036,11:09:58,38.1300,167,2
2026-04-30,600036,11:10:01,38.1300,184,1
2026-04-30,600036,11:10:04,38.1300,222,2
2026-04-30,600036,11:10:07,38.1300,78,1
2026-04-30,600036,11:10:10,38.1400,1098,1
2026-04-30,600036,11:10:13,38.1300,67,2
2026-04-30,600036,11:10:16,38.1200,136,2
2026-04-30,600036,11:10:19,38.1500,1293,1
2026-04-30,600036,11:10:22,38.1500,187,2
2026-04-30,600036,11:10:25,38.1400,49,2
2026-04-30,600036,11:10:28,38.1300,544,2
2026-04-30,600036,11:10:31,38.1400,55,1
2026-04-30,600036,11:10:34,38.1500,775,1
2026-04-30,600036,11:10:37,38.1600,255,1
2026-04-30,600036,11:10:40,38.1600,123,1
2026-04-30,600036,11:10:43,38.1400,117,2
2026-04-30,600036,11:10:46,38.1600,158,1
2026-04-30,600036,11:10:49,38.1600,39,1
2026-04-30,600036,11:10:52,38.1600,1616,1
2026-04-30,600036,11:10:55,38.1600,103,1
2026-04-30,600036,11:10:58,38.1600,389,1
2026-04-30,600036,11:11:01,38.1500,1731,2
2026-04-30,600036,11:11:04,38.1500,397,1
2026-04-30,600036,11:11:07,38.1300,829,2
2026-04-30,600036,11:11:10,38.1300,556,1
2026-04-30,600036,11:11:13,38.1500,348,1
2026-04-30,600036,11:11:16,38.1500,82,2
2026-04-30,600036,11:11:19,38.1500,239,2
2026-04-30,600036,11:11:22,38.1500,639,2
2026-04-30,600036,11:11:25,38.1500,160,1
2026-04-30,600036,11:11:28,38.1400,462,2
2026-04-30,600036,11:11:31,38.1400,205,1
2026-04-30,600036,11:11:34,38.1400,323,1
2026-04-30,600036,11:11:37,38.1400,164,1
2026-04-30,600036,11:11:40,38.1400,409,1
2026-04-30,600036,11:11:43,38.1400,170,1
2026-04-30,600036,11:11:46,38.1500,146,1
2026-04-30,600036,11:11:49,38.1400,462,2
2026-04-30,600036,11:11:52,38.1500,110,1
2026-04-30,600036,11:11:55,38.1500,80,1
2026-04-30,600036,11:11:58,38.1600,27,1
2026-04-30,600036,11:12:01,38.1500,55,2
2026-04-30,600036,11:12:04,38.1500,24,2
2026-04-30,600036,11:12:07,38.1600,7,2
2026-04-30,600036,11:12:10,38.1500,574,2
2026-04-30,600036,11:12:13,38.1500,435,1
2026-04-30,600036,11:12:16,38.1600,17,1
2026-04-30,600036,11:12:19,38.1600,56,2
2026-04-30,600036,11:12:22,38.1600,9,2
2026-04-30,600036,11:12:25,38.1700,66,1
2026-04-30,600036,11:12:28,38.1700,238,1
2026-04-30,600036,11:12:31,38.1500,215,2
2026-04-30,600036,11:12:34,38.1500,192,2
2026-04-30,600036,11:12:37,38.1600,48,4
2026-04-30,600036,11:12:40,38.1500,168,2
2026-04-30,600036,11:12:43,38.1500,107,2
2026-04-30,600036,11:12:46,38.1600,187,1
2026-04-30,600036,11:12:49,38.1600,91,1
2026-04-30,600036,11:12:52,38.1700,54,1
2026-04-30,600036,11:12:55,38.1700,4,1
2026-04-30,600036,11:12:58,38.1700,155,1
2026-04-30,600036,11:13:01,38.1700,136,1
2026-04-30,600036,11:13:04,38.1800,154,1
2026-04-30,600036,11:13:07,38.1700,57,2
2026-04-30,600036,11:13:10,38.1700,116,1
2026-04-30,600036,11:13:13,38.1700,89,1
2026-04-30,600036,11:13:16,38.1700,62,2
2026-04-30,600036,11:13:19,38.1700,94,2
2026-04-30,600036,11:13:22,38.1700,116,2
2026-04-30,600036,11:13:25,38.1700,165,2
2026-04-30,600036,11:13:28,38.1700,459,1
2026-04-30,600036,11:13:31,38.1600,123,2
2026-04-30,600036,11:13:34,38.1600,160,2
2026-04-30,600036,11:13:37,38.1600,15,2
2026-04-30,600036,11:13:40,38.1600,77,2
2026-04-30,600036,11:13:43,38.1700,95,1
2026-04-30,600036,11:13:46,38.1600,169,2
2026-04-30,600036,11:13:49,38.1600,923,2
2026-04-30,600036,11:13:52,38.1700,86,4
2026-04-30,600036,11:13:55,38.1800,58,1
2026-04-30,600036,11:13:58,38.1700,428,2
2026-04-30,600036,11:14:01,38.1700,54,2
2026-04-30,600036,11:14:04,38.1800,79,1
2026-04-30,600036,11:14:07,38.1800,37,2
2026-04-30,600036,11:14:10,38.1900,5,1
2026-04-30,600036,11:14:13,38.1900,81,1
2026-04-30,600036,11:14:16,38.1900,54,1
2026-04-30,600036,11:14:19,38.2000,10,1
2026-04-30,600036,11:14:22,38.2000,171,1
2026-04-30,600036,11:14:25,38.1900,131,2
2026-04-30,600036,11:14:28,38.2000,237,1
2026-04-30,600036,11:14:31,38.1900,568,2
2026-04-30,600036,11:14:34,38.2000,166,4
2026-04-30,600036,11:14:37,38.2200,132,1
2026-04-30,600036,11:14:40,38.2000,161,2
2026-04-30,600036,11:14:43,38.2000,251,1
2026-04-30,600036,11:14:46,38.2100,43,1
2026-04-30,600036,11:14:49,38.2000,290,2
2026-04-30,600036,11:14:52,38.2100,78,2
2026-04-30,600036,11:14:55,38.2100,215,2
2026-04-30,600036,11:14:58,38.2100,65,1
2026-04-30,600036,11:15:01,38.2200,279,1
2026-04-30,600036,11:15:04,38.2100,140,4
2026-04-30,600036,11:15:07,38.2200,102,1
2026-04-30,600036,11:15:10,38.2200,48,1
2026-04-30,600036,11:15:13,38.2100,107,2
2026-04-30,600036,11:15:16,38.2100,62,2
2026-04-30,600036,11:15:19,38.2100,61,2
2026-04-30,600036,11:15:22,38.2100,39,2
2026-04-30,600036,11:15:25,38.2100,30,2
2026-04-30,600036,11:15:28,38.2100,165,2
2026-04-30,600036,11:15:31,38.2000,1421,2
2026-04-30,600036,11:15:34,38.2000,65,1
2026-04-30,600036,11:15:37,38.1900,211,2
2026-04-30,600036,11:15:40,38.1800,540,2
2026-04-30,600036,11:15:43,38.1900,253,1
2026-04-30,600036,11:15:46,38.1800,64,2
2026-04-30,600036,11:15:49,38.1800,159,2
2026-04-30,600036,11:15:52,38.1800,30,1
2026-04-30,600036,11:15:55,38.1800,10,1
2026-04-30,600036,11:15:58,38.1800,19,1
2026-04-30,600036,11:16:01,38.1800,259,1
2026-04-30,600036,11:16:04,38.1800,76,1
2026-04-30,600036,11:16:07,38.1800,444,1
2026-04-30,600036,11:16:10,38.1900,75,1
2026-04-30,600036,11:16:13,38.1800,5,2
2026-04-30,600036,11:16:16,38.1800,94,2
2026-04-30,600036,11:16:19,38.1900,20,1
2026-04-30,600036,11:16:22,38.1800,299,2
2026-04-30,600036,11:16:25,38.1900,592,1
2026-04-30,600036,11:16:28,38.1900,99,4
2026-04-30,600036,11:16:31,38.1900,67,1
2026-04-30,600036,11:16:34,38.1800,90,2
2026-04-30,600036,11:16:37,38.2000,15,1
2026-04-30,600036,11:16:40,38.1900,120,2
2026-04-30,600036,11:16:43,38.1900,35,4
2026-04-30,600036,11:16:46,38.2000,60,1
2026-04-30,600036,11:16:49,38.1900,27,2
2026-04-30,600036,11:16:52,38.1900,201,2
2026-04-30,600036,11:16:55,38.1900,79,2
2026-04-30,600036,11:16:58,38.1900,96,1
2026-04-30,600036,11:17:01,38.1900,68,1
2026-04-30,600036,11:17:04,38.1900,128,1
2026-04-30,600036,11:17:07,38.1900,116,1
2026-04-30,600036,11:17:10,38.1900,25,1
2026-04-30,600036,11:17:13,38.1800,223,2
2026-04-30,600036,11:17:16,38.1900,86,1
2026-04-30,600036,11:17:19,38.1900,463,1
2026-04-30,600036,11:17:22,38.2000,95,1
2026-04-30,600036,11:17:25,38.2000,16,1
2026-04-30,600036,11:17:28,38.1900,232,2
2026-04-30,600036,11:17:31,38.2000,850,1
2026-04-30,600036,11:17:34,38.2000,42,1
2026-04-30,600036,11:17:37,38.2000,49,1
2026-04-30,600036,11:17:40,38.2000,7,1
2026-04-30,600036,11:17:43,38.2000,149,1
2026-04-30,600036,11:17:46,38.1900,294,2
2026-04-30,600036,11:17:49,38.1900,84,2
2026-04-30,600036,11:17:52,38.2000,94,1
2026-04-30,600036,11:17:55,38.2000,272,1
2026-04-30,600036,11:17:58,38.1900,233,2
2026-04-30,600036,11:18:01,38.2000,100,1
2026-04-30,600036,11:18:04,38.2000,36,1
2026-04-30,600036,11:18:07,38.2000,529,1
2026-04-30,600036,11:18:10,38.1900,88,2
2026-04-30,600036,11:18:13,38.2100,49,1
2026-04-30,600036,11:18:16,38.1900,399,2
2026-04-30,600036,11:18:19,38.1800,269,2
2026-04-30,600036,11:18:22,38.1900,343,1
2026-04-30,600036,11:18:25,38.1900,223,1
2026-04-30,600036,11:18:28,38.1900,437,1
2026-04-30,600036,11:18:31,38.1900,54,2
2026-04-30,600036,11:18:34,38.1900,81,2
2026-04-30,600036,11:18:37,38.1900,139,1
2026-04-30,600036,11:18:40,38.2000,338,1
2026-04-30,600036,11:18:43,38.2000,43,1
2026-04-30,600036,11:18:46,38.2000,27,1
2026-04-30,600036,11:18:49,38.1900,23,2
2026-04-30,600036,11:18:52,38.2000,60,1
2026-04-30,600036,11:18:55,38.2000,80,1
2026-04-30,600036,11:18:58,38.1900,302,2
2026-04-30,600036,11:19:01,38.1900,124,1
2026-04-30,600036,11:19:04,38.1900,168,1
2026-04-30,600036,11:19:07,38.1900,95,1
2026-04-30,600036,11:19:10,38.1900,112,2
2026-04-30,600036,11:19:13,38.2000,353,1
2026-04-30,600036,11:19:16,38.2000,125,1
2026-04-30,600036,11:19:19,38.1900,237,2
2026-04-30,600036,11:19:22,38.1900,105,2
2026-04-30,600036,11:19:25,38.2000,70,1
2026-04-30,600036,11:19:28,38.1800,69,2
2026-04-30,600036,11:19:31,38.1800,158,2
2026-04-30,600036,11:19:34,38.1900,654,1
2026-04-30,600036,11:19:37,38.1900,36,1
2026-04-30,600036,11:19:40,38.1900,183,1
2026-04-30,600036,11:19:43,38.1900,131,1
2026-04-30,600036,11:19:46,38.1800,136,2
2026-04-30,600036,11:19:49,38.1800,252,2
2026-04-30,600036,11:19:52,38.1800,368,2
2026-04-30,600036,11:19:55,38.1800,60,2
2026-04-30,600036,11:19:58,38.1900,67,1
2026-04-30,600036,11:20:01,38.1800,87,2
2026-04-30,600036,11:20:04,38.1800,269,2
2026-04-30,600036,11:20:07,38.1800,491,2
2026-04-30,600036,11:20:10,38.1800,224,1
2026-04-30,600036,11:20:13,38.1700,227,2
2026-04-30,600036,11:20:16,38.1700,147,2
2026-04-30,600036,11:20:19,38.1700,614,2
2026-04-30,600036,11:20:22,38.1700,292,1
2026-04-30,600036,11:20:25,38.1700,146,1
2026-04-30,600036,11:20:28,38.1600,52,2
2026-04-30,600036,11:20:31,38.1600,1134,2
2026-04-30,600036,11:20:34,38.1600,261,1
