date,code,time,price,volume,bs
2026-06-29,601318,14:07:06,48.5300,70,2
2026-06-29,601318,14:07:09,48.5300,128,4
2026-06-29,601318,14:07:12,48.5300,2,1
2026-06-29,601318,14:07:15,48.5300,7,1
2026-06-29,601318,14:07:18,48.5300,1,1
2026-06-29,601318,14:07:21,48.5300,12,1
2026-06-29,601318,14:07:24,48.5200,19,2
2026-06-29,601318,14:07:27,48.5200,29,2
2026-06-29,601318,14:07:30,48.5200,55,2
2026-06-29,601318,14:07:33,48.5200,193,2
2026-06-29,601318,14:07:36,48.5200,112,1
2026-06-29,601318,14:07:39,48.5500,242,1
2026-06-29,601318,14:07:42,48.5300,37,2
2026-06-29,601318,14:07:45,48.5400,87,4
2026-06-29,601318,14:07:48,48.5500,12,1
2026-06-29,601318,14:07:51,48.5400,94,2
2026-06-29,601318,14:07:54,48.5500,19,1
2026-06-29,601318,14:07:57,48.5500,1,1
2026-06-29,601318,14:08:00,48.5400,82,2
2026-06-29,601318,14:08:03,48.5400,182,2
2026-06-29,601318,14:08:06,48.5300,20,2
2026-06-29,601318,14:08:09,48.5300,102,2
2026-06-29,601318,14:08:12,48.5400,75,1
2026-06-29,601318,14:08:15,48.5400,75,1
2026-06-29,601318,14:08:18,48.5500,25,1
2026-06-29,601318,14:08:21,48.5400,146,1
2026-06-29,601318,14:08:24,48.5300,99,2
2026-06-29,601318,14:08:27,48.5500,108,1
2026-06-29,601318,14:08:30,48.5500,568,1
2026-06-29,601318,14:08:33,48.5500,176,1
2026-06-29,601318,14:08:36,48.5500,94,2
2026-06-29,601318,14:08:39,48.5400,111,2
2026-06-29,601318,14:08:42,48.5500,76,2
2026-06-29,601318,14:08:45,48.5500,447,2
2026-06-29,601318,14:08:48,48.5500,139,1
2026-06-29,601318,14:08:51,48.5500,168,1
2026-06-29,601318,14:08:54,48.5600,85,1
2026-06-29,601318,14:08:57,48.5500,12,2
2026-06-29,601318,14:09:00,48.5600,81,1
2026-06-29,601318,14:09:03,48.5500,166,2
2026-06-29,601318,14:09:06,48.5600,71,1
2026-06-29,601318,14:09:09,48.5600,21,1
2026-06-29,601318,14:09:12,48.5600,62,1
2026-06-29,601318,14:09:15,48.5600,279,1
2026-06-29,601318,14:09:18,48.5700,189,1
2026-06-29,601318,14:09:21,48.5600,25,2
2026-06-29,601318,14:09:24,48.5700,96,1
2026-06-29,601318,14:09:27,48.5700,252,2
2026-06-29,601318,14:09:30,48.5800,113,1
2026-06-29,601318,14:09:33,48.5700,128,2
2026-06-29,601318,14:09:36,48.5800,88,1
2026-06-29,601318,14:09:39,48.5700,58,2
2026-06-29,601318,14:09:42,48.5700,55,2
2026-06-29,601318,14:09:45,48.5800,28,1
2026-06-29,601318,14:09:48,48.5800,109,1
2026-06-29,601318,14:09:51,48.5500,609,2
2026-06-29,601318,14:09:54,48.5300,179,2
2026-06-29,601318,14:09:57,48.5200,136,2
2026-06-29,601318,14:10:00,48.5100,14,2
2026-06-29,601318,14:10:03,48.5200,103,1
2026-06-29,601318,14:10:06,48.5200,128,2
2026-06-29,601318,14:10:09,48.5300,21,1
2026-06-29,601318,14:10:12,48.5200,69,2
2026-06-29,601318,14:10:15,48.5300,20,2
2026-06-29,601318,14:10:18,48.5400,50,1
2026-06-29,601318,14:10:21,48.5400,75,1
2026-06-29,601318,14:10:24,48.5400,48,2
2026-06-29,601318,14:10:27,48.5300,486,2
2026-06-29,601318,14:10:30,48.5200,143,4
2026-06-29,601318,14:10:33,48.5100,63,2
2026-06-29,601318,14:10:36,48.5200,2,1
2026-06-29,601318,14:10:39,48.5100,55,2
2026-06-29,601318,14:10:42,48.5100,17,2
2026-06-29,601318,14:10:45,48.5100,49,2
2026-06-29,601318,14:10:48,48.5100,67,2
2026-06-29,601318,14:10:51,48.5100,197,2
2026-06-29,601318,14:10:54,48.5000,57,2
2026-06-29,601318,14:10:57,48.5000,67,2
2026-06-29,601318,14:11:00,48.5000,62,2
2026-06-29,601318,14:11:03,48.5000,59,2
2026-06-29,601318,14:11:06,48.5100,24,1
2026-06-29,601318,14:11:09,48.5000,169,2
2026-06-29,601318,14:11:12,48.4900,158,2
2026-06-29,601318,14:11:15,48.4900,2,2
2026-06-29,601318,14:11:18,48.4900,70,2
2026-06-29,601318,14:11:21,48.4900,70,2
2026-06-29,601318,14:11:24,48.5000,172,1
2026-06-29,601318,14:11:27,48.5000,2,1
2026-06-29,601318,14:11:30,48.4900,43,2
2026-06-29,601318,14:11:33,48.4900,85,2
2026-06-29,601318,14:11:36,48.5000,54,1
2026-06-29,601318,14:11:39,48.4900,137,2
2026-06-29,601318,14:11:42,48.4600,379,2
2026-06-29,601318,14:11:45,48.4600,302,2
2026-06-29,601318,14:11:48,48.4500,151,2
2026-06-29,601318,14:11:51,48.4100,123,2
2026-06-29,601318,14:11:54,48.4400,77,1
2026-06-29,601318,14:11:57,48.4100,36,2
2026-06-29,601318,14:12:00,48.4400,155,1
2026-06-29,601318,14:12:03,48.4400,113,1
2026-06-29,601318,14:12:06,48.4400,78,2
2026-06-29,601318,14:12:09,48.4500,151,1
2026-06-29,601318,14:12:12,48.4400,130,2
2026-06-29,601318,14:12:15,48.4400,109,2
2026-06-29,601318,14:12:18,48.4200,162,2
2026-06-29,601318,14:12:21,48.4300,26,2
2026-06-29,601318,14:12:24,48.4400,147,1
2026-06-29,601318,14:12:27,48.4400,68,2
2026-06-29,601318,14:12:30,48.4500,83,1
2026-06-29,601318,14:12:33,48.4500,85,2
2026-06-29,601318,14:12:36,48.4500,57,1
2026-06-29,601318,14:12:39,48.4600,36,1
2026-06-29,601318,14:12:42,48.4500,59,2
2026-06-29,601318,14:12:45,48.4500,83,1
2026-06-29,601318,14:12:48,48.4500,69,2
2026-06-29,601318,14:12:51,48.4600,3,2
2026-06-29,601318,14:12:54,48.4700,92,1
2026-06-29,601318,14:12:57,48.4700,43,2
2026-06-29,601318,14:13:00,48.4900,73,1
2026-06-29,601318,14:13:03,48.4800,170,2
2026-06-29,601318,14:13:06,48.4800,183,2
2026-06-29,601318,14:13:09,48.4800,66,1
2026-06-29,601318,14:13:12,48.4600,41,2
2026-06-29,601318,14:13:15,48.4800,186,1
2026-06-29,601318,14:13:18,48.4800,297,2
2026-06-29,601318,14:13:21,48.4800,122,2
2026-06-29,601318,14:13:24,48.4800,161,2
2026-06-29,601318,14:13:27,48.4900,64,1
2026-06-29,601318,14:13:30,48.4800,99,2
2026-06-29,601318,14:13:33,48.4800,58,2
2026-06-29,601318,14:13:36,48.4600,106,2
2026-06-29,601318,14:13:39,48.4600,51,2
2026-06-29,601318,14:13:42,48.4600,42,2
2026-06-29,601318,14:13:45,48.4700,62,1
2026-06-29,601318,14:13:48,48.4700,147,1
2026-06-29,601318,14:13:51,48.4800,97,1
2026-06-29,601318,14:13:54,48.4700,109,2
2026-06-29,601318,14:13:57,48.4700,11,2
2026-06-29,601318,14:14:00,48.4800,219,1
2026-06-29,601318,14:14:03,48.4800,128,1
2026-06-29,601318,14:14:06,48.4700,207,2
2026-06-29,601318,14:14:09,48.4700,27,2
2026-06-29,601318,14:14:12,48.4900,19,1
2026-06-29,601318,14:14:15,48.4800,20,2
2026-06-29,601318,14:14:18,48.4800,30,2
2026-06-29,601318,14:14:21,48.4800,152,2
2026-06-29,601318,14:14:24,48.4800,117,2
2026-06-29,601318,14:14:27,48.4800,35,2
2026-06-29,601318,14:14:30,48.4900,172,1
2026-06-29,601318,14:14:33,48.4800,33,2
2026-06-29,601318,14:14:36,48.4900,11,1
2026-06-29,601318,14:14:39,48.4900,53,1
2026-06-29,601318,14:14:42,48.4900,153,1
2026-06-29,601318,14:14:45,48.4800,598,2
2026-06-29,601318,14:14:48,48.4800,235,1
2026-06-29,601318,14:14:51,48.4900,85,1
2026-06-29,601318,14:14:54,48.4900,66,1
2026-06-29,601318,14:14:57,48.4900,161,1
2026-06-29,601318,14:15:00,48.4900,695,1
2026-06-29,601318,14:15:03,48.5000,289,2
2026-06-29,601318,14:15:06,48.5200,53,1
2026-06-29,601318,14:15:09,48.5300,143,1
2026-06-29,601318,14:15:12,48.5200,91,2
2026-06-29,601318,14:15:15,48.5300,95,1
2026-06-29,601318,14:15:18,48.5100,810,2
2026-06-29,601318,14:15:21,48.4700,300,2
2026-06-29,601318,14:15:24,48.4800,68,1
2026-06-29,601318,14:15:27,48.4700,79,2
2026-06-29,601318,14:15:30,48.4800,100,1
2026-06-29,601318,14:15:33,48.4800,31,1
2026-06-29,601318,14:15:36,48.4800,33,1
2026-06-29,601318,14:15:39,48.4700,144,2
2026-06-29,601318,14:15:42,48.4700,485,2
2026-06-29,601318,14:15:45,48.4600,149,2
2026-06-29,601318,14:15:48,48.4700,73,1
2026-06-29,601318,14:15:51,48.4700,391,1
2026-06-29,601318,14:15:54,48.4600,23,1
2026-06-29,601318,14:15:57,48.4600,88,2
2026-06-29,601318,14:16:00,48.4600,122,1
2026-06-29,601318,14:16:03,48.4600,101,1
2026-06-29,601318,14:16:06,48.4700,6,1
2026-06-29,601318,14:16:09,48.4600,12,2
2026-06-29,601318,14:16:12,48.4600,32,2
2026-06-29,601318,14:16:15,48.4600,5,2
2026-06-29,601318,14:16:18,48.4600,74,2
2026-06-29,601318,14:16:21,48.4700,9,1
2026-06-29,601318,14:16:24,48.4700,17,1
2026-06-29,601318,14:16:27,48.4700,82,1
2026-06-29,601318,14:16:30,48.4700,198,1
2026-06-29,601318,14:16:33,48.4600,39,2
2026-06-29,601318,14:16:36,48.4600,43,2
2026-06-29,601318,14:16:39,48.4600,155,2
2026-06-29,601318,14:16:42,48.4700,109,1
2026-06-29,601318,14:16:45,48.4700,73,1
2026-06-29,601318,14:16:48,48.4600,79,2
2026-06-29,601318,14:16:51,48.4600,297,2
2026-06-29,601318,14:16:54,48.4500,195,2
2026-06-29,601318,14:16:57,48.4500,90,2
2026-06-29,601318,14:17:00,48.4600,329,1
2026-06-29,601318,14:17:03,48.4500,223,2
2026-06-29,601318,14:17:06,48.4300,981,2
2026-06-29,601318,14:17:09,48.4100,455,2
2026-06-29,601318,14:17:12,48.4100,241,1
2026-06-29,601318,14:17:15,48.4000,71,2
2026-06-29,601318,14:17:18,48.4100,153,1
2026-06-29,601318,14:17:21,48.4200,62,1
2026-06-29,601318,14:17:24,48.4200,47,1
2026-06-29,601318,14:17:27,48.4200,18,2
2026-06-29,601318,14:17:30,48.4300,20,1
2026-06-29,601318,14:17:33,48.4300,21,2
2026-06-29,601318,14:17:36,48.4300,19,2
2026-06-29,601318,14:17:39,48.4500,612,1
2026-06-29,601318,14:17:42,48.4600,74,1
2026-06-29,601318,14:17:45,48.4600,8,1
2026-06-29,601318,14:17:48,48.4600,54,1
2026-06-29,601318,14:17:51,48.4700,102,1
2026-06-29,601318,14:17:54,48.4700,6,1
2026-06-29,601318,14:17:57,48.4800,94,1
2026-06-29,601318,14:18:00,48.4900,87,1
2026-06-29,601318,14:18:03,48.4900,437,2
2026-06-29,601318,14:18:06,48.4700,77,2
2026-06-29,601318,14:18:09,48.4800,65,1
2026-06-29,601318,14:18:12,48.4800,38,1
2026-06-29,601318,14:18:15,48.4700,92,2
2026-06-29,601318,14:18:18,48.4800,211,1
2026-06-29,601318,14:18:21,48.4800,915,1
2026-06-29,601318,14:18:24,48.4800,153,1
2026-06-29,601318,14:18:27,48.4800,164,2
2026-06-29,601318,14:18:30,48.4900,122,1
2026-06-29,601318,14:18:33,48.4900,75,2
2026-06-29,601318,14:18:36,48.4900,53,2
2026-06-29,601318,14:18:39,48.4900,256,2
2026-06-29,601318,14:18:42,48.4800,133,2
2026-06-29,601318,14:18:45,48.4800,242,2
2026-06-29,601318,14:18:48,48.4600,539,2
2026-06-29,601318,14:18:51,48.5000,693,1
2026-06-29,601318,14:18:54,48.4900,22,1
2026-06-29,601318,14:18:57,48.4800,130,2
2026-06-29,601318,14:19:00,48.4800,104,2
2026-06-29,601318,14:19:03,48.4800,128,1
2026-06-29,601318,14:19:06,48.5000,76,1
2026-06-29,601318,14:19:09,48.5000,19,1
2026-06-29,601318,14:19:12,48.5100,6,1
2026-06-29,601318,14:19:15,48.5000,127,2
2026-06-29,601318,14:19:18,48.5100,54,1
2026-06-29,601318,14:19:21,48.5100,59,1
2026-06-29,601318,14:19:24,48.5100,58,2
2026-06-29,601318,14:19:27,48.5100,106,2
2026-06-29,601318,14:19:30,48.5200,157,1
2026-06-29,601318,14:19:33,48.5000,177,2
2026-06-29,601318,14:19:36,48.5100,192,1
2026-06-29,601318,14:19:39,48.5000,70,2
2026-06-29,601318,14:19:42,48.5000,82,2
2026-06-29,601318,14:19:45,48.5000,44,4
2026-06-29,601318,14:19:48,48.5000,86,1
2026-06-29,601318,14:19:51,48.4900,66,4
2026-06-29,601318,14:19:54,48.4900,56,1
2026-06-29,601318,14:19:57,48.4900,150,1
2026-06-29,601318,14:20:00,48.5000,47,1
2026-06-29,601318,14:20:03,48.4800,20,2
2026-06-29,601318,14:20:06,48.4800,106,1
2026-06-29,601318,14:20:09,48.4800,77,2
2026-06-29,601318,14:20:12,48.5000,44,1
2026-06-29,601318,14:20:15,48.4900,25,2
2026-06-29,601318,14:20:18,48.5000,39,1
2026-06-29,601318,14:20:21,48.4900,80,2
2026-06-29,601318,14:20:24,48.4900,30,2
2026-06-29,601318,14:20:27,48.4800,227,2
2026-06-29,601318,14:20:30,48.4900,45,1
2026-06-29,601318,14:20:33,48.4800,64,2
2026-06-29,601318,14:20:36,48.4900,58,1
2026-06-29,601318,14:20:39,48.4800,43,2
2026-06-29,601318,14:20:42,48.4800,5,2
2026-06-29,601318,14:20:45,48.4900,35,1
2026-06-29,601318,14:20:48,48.4800,403,2
2026-06-29,601318,14:20:51,48.4800,55,1
2026-06-29,601318,14:20:54,48.4700,85,2
2026-06-29,601318,14:20:57,48.4800,30,1
2026-06-29,601318,14:21:00,48.4800,110,1
2026-06-29,601318,14:21:03,48.4900,21,1
2026-06-29,601318,14:21:06,48.4800,125,2
2026-06-29,601318,14:21:09,48.4900,51,1
2026-06-29,601318,14:21:12,48.4800,92,2
2026-06-29,601318,14:21:15,48.4800,76,1
2026-06-29,601318,14:21:18,48.4700,25,2
2026-06-29,601318,14:21:21,48.4800,85,1
2026-06-29,601318,14:21:24,48.4800,59,1
2026-06-29,601318,14:21:27,48.4700,71,2
2026-06-29,601318,14:21:30,48.4800,31,1
2026-06-29,601318,14:21:33,48.4700,256,2
2026-06-29,601318,14:21:36,48.4800,85,1
2026-06-29,601318,14:21:39,48.4700,253,2
2026-06-29,601318,14:21:42,48.4600,154,2
2026-06-29,601318,14:21:45,48.4600,1,2
2026-06-29,601318,14:21:48,48.4600,93,2
2026-06-29,601318,14:21:51,48.4600,38,2
2026-06-29,601318,14:21:54,48.4700,27,1
2026-06-29,601318,14:21:57,48.4700,3,1
2026-06-29,601318,14:22:00,48.4700,193,1
2026-06-29,601318,14:22:03,48.4600,545,2
2026-06-29,601318,14:22:06,48.4800,24,1
2026-06-29,601318,14:22:09,48.4800,61,1
2026-06-29,601318,14:22:12,48.4800,28,1
2026-06-29,601318,14:22:15,48.4800,225,1
2026-06-29,601318,14:22:18,48.4800,37,1
2026-06-29,601318,14:22:21,48.4800,80,2
2026-06-29,601318,14:22:24,48.4800,87,2
2026-06-29,601318,14:22:27,48.4800,90,1
2026-06-29,601318,14:22:30,48.4700,79,2
2026-06-29,601318,14:22:33,48.4700,75,2
2026-06-29,601318,14:22:36,48.4700,16,2
2026-06-29,601318,14:22:39,48.4700,115,2
2026-06-29,601318,14:22:42,48.4700,88,2
2026-06-29,601318,14:22:45,48.4800,45,1
2026-06-29,601318,14:22:48,48.4700,48,2
2026-06-29,601318,14:22:51,48.4700,136,2
2026-06-29,601318,14:22:54,48.4700,47,2
2026-06-29,601318,14:22:57,48.4700,336,2
2026-06-29,601318,14:23:00,48.4700,98,2
2026-06-29,601318,14:23:03,48.4600,175,2
2026-06-29,601318,14:23:06,48.4600,99,2
2026-06-29,601318,14:23:09,48.4600,162,2
2026-06-29,601318,14:23:12,48.4600,73,2
2026-06-29,601318,14:23:15,48.4700,36,1
2026-06-29,601318,14:23:18,48.4600,132,2
2026-06-29,601318,14:23:21,48.4600,29,2
2026-06-29,601318,14:23:24,48.4600,48,2
2026-06-29,601318,14:23:27,48.4600,23,2
2026-06-29,601318,14:23:30,48.4600,40,2
2026-06-29,601318,14:23:33,48.4600,64,2
2026-06-29,601318,14:23:36,48.4600,16,2
2026-06-29,601318,14:23:39,48.4700,161,1
2026-06-29,601318,14:23:42,48.4700,250,1
2026-06-29,601318,14:23:45,48.4600,51,2
2026-06-29,601318,14:23:48,48.4600,5,2
2026-06-29,601318,14:23:51,48.4700,92,1
2026-06-29,601318,14:23:54,48.4700,113,1
2026-06-29,601318,14:23:57,48.4700,67,1
2026-06-29,601318,14:24:00,48.4700,34,1
2026-06-29,601318,14:24:03,48.4700,118,1
2026-06-29,601318,14:24:06,48.4700,34,1
2026-06-29,601318,14:24:09,48.4800,29,1
2026-06-29,601318,14:24:12,48.4700,23,2
2026-06-29,601318,14:24:15,48.4700,229,2
2026-06-29,601318,14:24:18,48.4700,82,1
2026-06-29,601318,14:24:21,48.4600,95,2
2026-06-29,601318,14:24:24,48.4600,63,2
2026-06-29,601318,14:24:27,48.4700,127,1
2026-06-29,601318,14:24:30,48.4700,70,1
2026-06-29,601318,14:24:33,48.4700,58,1
2026-06-29,601318,14:24:36,48.4700,336,2
2026-06-29,601318,14:24:39,48.4800,270,1
2026-06-29,601318,14:24:42,48.4900,247,1
2026-06-29,601318,14:24:45,48.4800,104,2
2026-06-29,601318,14:24:48,48.4900,283,1
2026-06-29,601318,14:24:51,48.4900,54,2
2026-06-29,601318,14:24:54,48.5000,132,1
2026-06-29,601318,14:24:57,48.4900,21,2
2026-06-29,601318,14:25:00,48.5000,144,1
2026-06-29,601318,14:25:03,48.5000,52,1
2026-06-29,601318,14:25:06,48.5000,386,1
2026-06-29,601318,14:25:09,48.5100,154,1
2026-06-29,601318,14:25:12,48.5100,263,1
2026-06-29,601318,14:25:15,48.5100,109,1
2026-06-29,601318,14:25:18,48.5100,174,2
2026-06-29,601318,14:25:21,48.5000,552,2
2026-06-29,601318,14:25:24,48.5100,91,1
2026-06-29,601318,14:25:27,48.5000,140,2
2026-06-29,601318,14:25:30,48.5000,56,1
2026-06-29,601318,14:25:33,48.4700,139,2
2026-06-29,601318,14:25:36,48.5000,40,1
2026-06-29,601318,14:25:39,48.4900,23,4
2026-06-29,601318,14:25:42,48.4900,39,1
2026-06-29,601318,14:25:45,48.5000,47,1
2026-06-29,601318,14:25:48,48.5000,85,1
2026-06-29,601318,14:25:51,48.5000,6,1
2026-06-29,601318,14:25:54,48.4900,55,2
2026-06-29,601318,14:25:57,48.4900,92,2
2026-06-29,601318,14:26:00,48.4900,38,1
2026-06-29,601318,14:26:03,48.4900,27,4
2026-06-29,601318,14:26:06,48.5000,163,1
2026-06-29,601318,14:26:09,48.5000,55,2
2026-06-29,601318,14:26:12,48.5100,61,1
2026-06-29,601318,14:26:15,48.5000,95,2
2026-06-29,601318,14:26:18,48.5100,257,1
2026-06-29,601318,14:26:21,48.5200,109,1
2026-06-29,601318,14:26:24,48.5200,68,1
2026-06-29,601318,14:26:27,48.5200,164,1
2026-06-29,601318,14:26:30,48.5200,83,1
2026-06-29,601318,14:26:33,48.5100,135,2
2026-06-29,601318,14:26:36,48.5000,76,2
2026-06-29,601318,14:26:39,48.5000,187,2
2026-06-29,601318,14:26:42,48.5100,16,1
2026-06-29,601318,14:26:45,48.5100,58,2
2026-06-29,601318,14:26:48,48.5100,16,2
2026-06-29,601318,14:26:51,48.5000,113,2
2026-06-29,601318,14:26:54,48.5100,43,2
2026-06-29,601318,14:26:57,48.5100,45,2
2026-06-29,601318,14:27:00,48.5100,123,2
2026-06-29,601318,14:27:03,48.5100,62,2
2026-06-29,601318,14:27:06,48.5100,86,2
2026-06-29,601318,14:27:09,48.5100,131,1
2026-06-29,601318,14:27:12,48.4900,95,2
2026-06-29,601318,14:27:15,48.4900,84,2
2026-06-29,601318,14:27:18,48.4800,233,2
2026-06-29,601318,14:27:21,48.4800,50,2
2026-06-29,601318,14:27:24,48.4800,123,2
2026-06-29,601318,14:27:27,48.4700,75,4
2026-06-29,601318,14:27:30,48.4600,42,2
2026-06-29,601318,14:27:33,48.4500,177,2
2026-06-29,601318,14:27:36,48.4700,128,1
2026-06-29,601318,14:27:39,48.4700,109,1
2026-06-29,601318,14:27:42,48.4700,41,1
2026-06-29,601318,14:27:45,48.4700,19,1
2026-06-29,601318,14:27:48,48.4600,37,2
2026-06-29,601318,14:27:51,48.4600,81,2
2026-06-29,601318,14:27:54,48.4700,101,1
2026-06-29,601318,14:27:57,48.4600,245,2
2026-06-29,601318,14:28:00,48.4700,33,1
2026-06-29,601318,14:28:03,48.4600,131,2
2026-06-29,601318,14:28:06,48.4700,33,1
2026-06-29,601318,14:28:09,48.4700,162,1
2026-06-29,601318,14:28:12,48.4600,125,2
2026-06-29,601318,14:28:15,48.4700,131,1
2026-06-29,601318,14:28:18,48.4700,165,2
2026-06-29,601318,14:28:21,48.4600,128,2
2026-06-29,601318,14:28:24,48.4600,164,2
2026-06-29,601318,14:28:27,48.4600,415,2
2026-06-29,601318,14:28:30,48.4500,189,2
2026-06-29,601318,14:28:33,48.4300,291,2
2026-06-29,601318,14:28:36,48.4400,168,4
2026-06-29,601318,14:28:39,48.4400,108,1
2026-06-29,601318,14:28:42,48.4500,239,1
2026-06-29,601318,14:28:45,48.4500,78,2
2026-06-29,601318,14:28:48,48.4500,21,2
2026-06-29,601318,14:28:51,48.4500,96,2
2026-06-29,601318,14:28:54,48.4500,123,1
2026-06-29,601318,14:28:57,48.4500,54,1
2026-06-29,601318,14:29:00,48.4500,77,1
2026-06-29,601318,14:29:03,48.4500,62,2
2026-06-29,601318,14:29:06,48.4600,55,1
2026-06-29,601318,14:29:09,48.4700,283,1
2026-06-29,601318,14:29:12,48.4600,154,2
2026-06-29,601318,14:29:15,48.4700,106,1
2026-06-29,601318,14:29:18,48.4600,19,2
2026-06-29,601318,14:29:21,48.4600,25,2
2026-06-29,601318,14:29:24,48.4700,60,1
2026-06-29,601318,14:29:27,48.4700,306,1
2026-06-29,601318,14:29:30,48.4600,94,2
2026-06-29,601318,14:29:33,48.4700,185,1
2026-06-29,601318,14:29:36,48.4800,45,1
2026-06-29,601318,14:29:39,48.4700,52,2
2026-06-29,601318,14:29:42,48.4800,93,1
2026-06-29,601318,14:29:45,48.4700,130,2
2026-06-29,601318,14:29:48,48.4900,29,1
2026-06-29,601318,14:29:51,48.4800,40,2
2026-06-29,601318,14:29:54,48.4800,43,2
2026-06-29,601318,14:29:57,48.4800,39,1
2026-06-29,601318,14:30:00,48.4900,16,1
2026-06-29,601318,14:30:03,48.4900,80,1
2026-06-29,601318,14:30:06,48.4900,49,1
2026-06-29,601318,14:30:09,48.4900,137,1
2026-06-29,601318,14:30:12,48.4900,25,1
2026-06-29,601318,14:30:15,48.4900,94,1
2026-06-29,601318,14:30:18,48.5000,99,1
2026-06-29,601318,14:30:21,48.5000,12,1
2026-06-29,601318,14:30:24,48.5000,16,1
2026-06-29,601318,14:30:27,48.5000,47,1
2026-06-29,601318,14:30:30,48.4900,55,2
2026-06-29,601318,14:30:33,48.4800,674,2
2026-06-29,601318,14:30:36,48.4800,75,2
2026-06-29,601318,14:30:39,48.4700,77,2
2026-06-29,601318,14:30:42,48.4800,1,2
2026-06-29,601318,14:30:45,48.4900,2,1
2026-06-29,601318,14:30:48,48.4800,160,2
2026-06-29,601318,14:30:51,48.4700,111,2
2026-06-29,601318,14:30:54,48.4700,19,1
2026-06-29,601318,14:30:57,48.4700,19,1
2026-06-29,601318,14:31:00,48.4700,58,1
2026-06-29,601318,14:31:03,48.4700,102,1
2026-06-29,601318,14:31:06,48.4700,62,1
2026-06-29,601318,14:31:09,48.4600,90,2
2026-06-29,601318,14:31:12,48.4700,308,1
2026-06-29,601318,14:31:15,48.4800,7,1
2026-06-29,601318,14:31:18,48.4700,114,2
2026-06-29,601318,14:31:21,48.4800,23,1
2026-06-29,601318,14:31:24,48.4900,209,1
2026-06-29,601318,14:31:27,48.4900,44,1
2026-06-29,601318,14:31:30,48.4900,56,1
2026-06-29,601318,14:31:33,48.4900,14,1
2026-06-29,601318,14:31:36,48.4800,81,2
2026-06-29,601318,14:31:39,48.4800,91,1
2026-06-29,601318,14:31:42,48.4800,100,1
2026-06-29,601318,14:31:45,48.4900,38,1
2026-06-29,601318,14:31:48,48.4800,9,2
2026-06-29,601318,14:31:51,48.4800,85,2
2026-06-29,601318,14:31:54,48.4900,41,1
2026-06-29,601318,14:31:57,48.4800,67,2
2026-06-29,601318,14:32:00,48.4900,1,1
2026-06-29,601318,14:32:03,48.4900,44,1
2026-06-29,601318,14:32:06,48.4900,13,1
2026-06-29,601318,14:32:09,48.4800,57,2
2026-06-29,601318,14:32:12,48.4900,63,1
2026-06-29,601318,14:32:15,48.4900,24,1
2026-06-29,601318,14:32:18,48.4900,13,1
2026-06-29,601318,14:32:21,48.4900,101,1
2026-06-29,601318,14:32:24,48.4800,322,2
2026-06-29,601318,14:32:27,48.4800,41,2
2026-06-29,601318,14:32:30,48.4900,35,1
2026-06-29,601318,14:32:33,48.4900,50,1
2026-06-29,601318,14:32:36,48.4800,22,2
2026-06-29,601318,14:32:39,48.4800,22,2
2026-06-29,601318,14:32:42,48.4800,73,2
2026-06-29,601318,14:32:45,48.4800,33,2
2026-06-29,601318,14:32:48,48.4800,101,2
2026-06-29,601318,14:32:51,48.4800,56,2
2026-06-29,601318,14:32:54,48.4900,51,1
2026-06-29,601318,14:32:57,48.4800,57,2
2026-06-29,601318,14:33:00,48.4800,10,2
2026-06-29,601318,14:33:03,48.4900,40,1
2026-06-29,601318,14:33:06,48.4800,252,2
2026-06-29,601318,14:33:09,48.4900,88,1
2026-06-29,601318,14:33:12,48.4700,209,2
2026-06-29,601318,14:33:15,48.4700,210,2
2026-06-29,601318,14:33:18,48.4800,25,1
2026-06-29,601318,14:33:21,48.4700,80,2
2026-06-29,601318,14:33:24,48.4700,42,2
2026-06-29,601318,14:33:27,48.4900,330,1
2026-06-29,601318,14:33:30,48.4900,13,1
2026-06-29,601318,14:33:33,48.4900,863,1
2026-06-29,601318,14:33:36,48.5000,232,1
2026-06-29,601318,14:33:39,48.5000,1226,1
2026-06-29,601318,14:33:42,48.5200,239,1
2026-06-29,601318,14:33:45,48.5200,39,1
2026-06-29,601318,14:33:48,48.5200,32,1
2026-06-29,601318,14:33:51,48.5200,34,1
2026-06-29,601318,14:33:54,48.5100,21,2
2026-06-29,601318,14:33:57,48.5200,64,1
2026-06-29,601318,14:34:00,48.5200,80,1
2026-06-29,601318,14:34:03,48.5100,36,2
2026-06-29,601318,14:34:06,48.5200,16,1
2026-06-29,601318,14:34:09,48.5200,64,1
2026-06-29,601318,14:34:12,48.5200,29,1
2026-06-29,601318,14:34:15,48.5200,107,1
2026-06-29,601318,14:34:18,48.5200,58,1
2026-06-29,601318,14:34:21,48.5200,63,1
2026-06-29,601318,14:34:24,48.5200,138,1
2026-06-29,601318,14:34:27,48.5100,32,2
2026-06-29,601318,14:34:30,48.5200,119,1
2026-06-29,601318,14:34:33,48.5100,497,2
2026-06-29,601318,14:34:36,48.5300,49,1
2026-06-29,601318,14:34:39,48.5300,30,1
2026-06-29,601318,14:34:42,48.5200,243,2
2026-06-29,601318,14:34:45,48.5200,113,1
2026-06-29,601318,14:34:48,48.5200,25,1
2026-06-29,601318,14:34:51,48.5200,11,1
2026-06-29,601318,14:34:54,48.5200,145,1
2026-06-29,601318,14:34:57,48.5200,21,1
2026-06-29,601318,14:35:00,48.5200,42,1
2026-06-29,601318,14:35:03,48.5100,16,2
2026-06-29,601318,14:35:06,48.5200,22,1
2026-06-29,601318,14:35:09,48.5100,107,2
2026-06-29,601318,14:35:12,48.5200,26,1
2026-06-29,601318,14:35:15,48.5200,76,1
2026-06-29,601318,14:35:18,48.5200,98,1
2026-06-29,601318,14:35:21,48.5200,48,1
2026-06-29,601318,14:35:24,48.5200,62,1
2026-06-29,601318,14:35:27,48.5100,19,2
2026-06-29,601318,14:35:30,48.5200,51,1
2026-06-29,601318,14:35:33,48.5100,66,2
2026-06-29,601318,14:35:36,48.5100,42,2
2026-06-29,601318,14:35:39,48.5100,111,2
2026-06-29,601318,14:35:42,48.5200,18,1
2026-06-29,601318,14:35:45,48.5100,59,2
2026-06-29,601318,14:35:48,48.5100,1,2
2026-06-29,601318,14:35:51,48.5100,69,2
2026-06-29,601318,14:35:54,48.5200,19,1
2026-06-29,601318,14:35:57,48.5000,807,2
2026-06-29,601318,14:36:00,48.4800,78,2
2026-06-29,601318,14:36:03,48.4900,50,2
2026-06-29,601318,14:36:06,48.4900,109,2
2026-06-29,601318,14:36:09,48.4900,120,2
2026-06-29,601318,14:36:12,48.4900,22,2
2026-06-29,601318,14:36:15,48.5000,136,1
2026-06-29,601318,14:36:18,48.5000,194,1
2026-06-29,601318,14:36:21,48.4800,121,2
2026-06-29,601318,14:36:24,48.5000,499,1
2026-06-29,601318,14:36:27,48.5000,211,1
2026-06-29,601318,14:36:30,48.5100,82,1
2026-06-29,601318,14:36:33,48.5000,59,2
2026-06-29,601318,14:36:36,48.5000,34,2
2026-06-29,601318,14:36:39,48.5000,46,2
2026-06-29,601318,14:36:42,48.5000,209,2
2026-06-29,601318,14:36:45,48.5000,55,2
2026-06-29,601318,14:36:48,48.5000,41,1
2026-06-29,601318,14:36:51,48.5000,51,1
2026-06-29,601318,14:36:54,48.5100,101,1
2026-06-29,601318,14:36:57,48.5100,25,1
2026-06-29,601318,14:37:00,48.4900,75,2
2026-06-29,601318,14:37:03,48.5000,81,1
2026-06-29,601318,14:37:06,48.5000,28,1
2026-06-29,601318,14:37:09,48.5100,359,1
2026-06-29,601318,14:37:12,48.5000,109,2
2026-06-29,601318,14:37:15,48.5100,91,1
2026-06-29,601318,14:37:18,48.5000,37,2
2026-06-29,601318,14:37:21,48.5100,53,1
2026-06-29,601318,14:37:24,48.5000,47,2
2026-06-29,601318,14:37:27,48.5100,430,1
2026-06-29,601318,14:37:30,48.5000,60,2
2026-06-29,601318,14:37:33,48.5000,5,1
2026-06-29,601318,14:37:36,48.5000,44,1
2026-06-29,601318,14:37:39,48.5000,16,1
2026-06-29,601318,14:37:42,48.4900,35,2
2026-06-29,601318,14:37:45,48.5100,44,1
2026-06-29,601318,14:37:48,48.5000,71,2
2026-06-29,601318,14:37:51,48.5000,30,2
2026-06-29,601318,14:37:54,48.5000,22,2
2026-06-29,601318,14:37:57,48.5000,44,2
2026-06-29,601318,14:38:00,48.5100,63,1
2026-06-29,601318,14:38:03,48.5100,80,1
2026-06-29,601318,14:38:06,48.5100,552,1
2026-06-29,601318,14:38:09,48.5100,82,1
2026-06-29,601318,14:38:12,48.5100,104,1
2026-06-29,601318,14:38:15,48.5100,56,1
2026-06-29,601318,14:38:18,48.5200,75,1
2026-06-29,601318,14:38:21,48.5200,92,1
2026-06-29,601318,14:38:24,48.5100,104,2
2026-06-29,601318,14:38:27,48.5200,92,1
2026-06-29,601318,14:38:30,48.5100,27,2
2026-06-29,601318,14:38:33,48.5100,469,2
2026-06-29,601318,14:38:36,48.5100,270,1
2026-06-29,601318,14:38:39,48.5000,192,2
2026-06-29,601318,14:38:42,48.5000,60,1
2026-06-29,601318,14:38:45,48.5000,18,2
2026-06-29,601318,14:38:48,48.5000,40,2
2026-06-29,601318,14:38:51,48.5000,98,1
2026-06-29,601318,14:38:54,48.5000,55,1
2026-06-29,601318,14:38:57,48.5100,27,1
2026-06-29,601318,14:39:00,48.5000,56,2
2026-06-29,601318,14:39:03,48.5000,90,1
2026-06-29,601318,14:39:06,48.5100,45,1
2026-06-29,601318,14:39:09,48.5100,52,1
2026-06-29,601318,14:39:12,48.5000,129,2
2026-06-29,601318,14:39:15,48.5100,95,1
2026-06-29,601318,14:39:18,48.5200,312,1
2026-06-29,601318,14:39:21,48.5200,126,1
2026-06-29,601318,14:39:24,48.5200,52,1
2026-06-29,601318,14:39:27,48.5300,931,1
2026-06-29,601318,14:39:30,48.5200,346,2
2026-06-29,601318,14:39:33,48.5300,189,1
2026-06-29,601318,14:39:36,48.5200,52,2
2026-06-29,601318,14:39:39,48.5200,171,2
2026-06-29,601318,14:39:42,48.5200,59,1
2026-06-29,601318,14:39:45,48.5200,29,1
2026-06-29,601318,14:39:48,48.5200,30,1
2026-06-29,601318,14:39:51,48.5100,72,2
2026-06-29,601318,14:39:54,48.5100,274,2
2026-06-29,601318,14:39:57,48.5200,215,1
2026-06-29,601318,14:40:00,48.5200,38,1
2026-06-29,601318,14:40:03,48.5200,41,1
2026-06-29,601318,14:40:06,48.5200,89,1
2026-06-29,601318,14:40:09,48.5100,20,2
2026-06-29,601318,14:40:12,48.5100,89,2
2026-06-29,601318,14:40:15,48.5300,527,1
2026-06-29,601318,14:40:18,48.5200,129,2
2026-06-29,601318,14:40:21,48.5200,174,2
2026-06-29,601318,14:40:24,48.5100,671,2
2026-06-29,601318,14:40:27,48.5200,31,1
2026-06-29,601318,14:40:30,48.5200,39,1
2026-06-29,601318,14:40:33,48.5100,164,2
2026-06-29,601318,14:40:36,48.5100,418,2
2026-06-29,601318,14:40:39,48.5100,170,2
2026-06-29,601318,14:40:42,48.5000,33,2
2026-06-29,601318,14:40:45,48.5100,27,1
2026-06-29,601318,14:40:48,48.5000,30,2
2026-06-29,601318,14:40:51,48.5000,38,2
2026-06-29,601318,14:40:54,48.5100,48,1
2026-06-29,601318,14:40:57,48.5100,363,1
2026-06-29,601318,14:41:00,48.5200,41,1
2026-06-29,601318,14:41:03,48.5100,76,2
2026-06-29,601318,14:41:06,48.5100,191,2
2026-06-29,601318,14:41:09,48.5200,360,1
2026-06-29,601318,14:41:12,48.5300,123,1
2026-06-29,601318,14:41:15,48.5200,20,2
2026-06-29,601318,14:41:18,48.5300,92,1
2026-06-29,601318,14:41:21,48.5200,123,2
2026-06-29,601318,14:41:24,48.5300,219,1
2026-06-29,601318,14:41:27,48.5300,139,1
2026-06-29,601318,14:41:30,48.5300,36,1
2026-06-29,601318,14:41:33,48.5200,34,2
2026-06-29,601318,14:41:36,48.5200,152,2
2026-06-29,601318,14:41:39,48.5200,156,1
2026-06-29,601318,14:41:42,48.5200,13,1
2026-06-29,601318,14:41:45,48.5200,156,1
2026-06-29,601318,14:41:48,48.5100,324,2
2026-06-29,601318,14:41:51,48.5000,179,2
2026-06-29,601318,14:41:54,48.5000,169,2
2026-06-29,601318,14:41:57,48.5000,248,2
2026-06-29,601318,14:42:00,48.4900,122,2
2026-06-29,601318,14:42:03,48.5000,39,1
2026-06-29,601318,14:42:06,48.5000,388,1
2026-06-29,601318,14:42:09,48.4900,573,2
2026-06-29,601318,14:42:12,48.4800,365,2
2026-06-29,601318,14:42:15,48.4800,154,2
2026-06-29,601318,14:42:18,48.4800,57,1
2026-06-29,601318,14:42:21,48.4800,160,2
2026-06-29,601318,14:42:24,48.4800,85,2
2026-06-29,601318,14:42:27,48.4900,159,1
2026-06-29,601318,14:42:30,48.4700,288,2
2026-06-29,601318,14:42:33,48.4700,72,2
2026-06-29,601318,14:42:36,48.4700,287,2
2026-06-29,601318,14:42:39,48.4700,62,2
2026-06-29,601318,14:42:42,48.4800,152,1
2026-06-29,601318,14:42:45,48.4900,154,1
2026-06-29,601318,14:42:48,48.4900,50,2
2026-06-29,601318,14:42:51,48.4900,92,2
2026-06-29,601318,14:42:54,48.4900,92,2
2026-06-29,601318,14:42:57,48.4900,136,1
2026-06-29,601318,14:43:00,48.4800,143,2
2026-06-29,601318,14:43:03,48.4800,103,2
2026-06-29,601318,14:43:06,48.4800,83,2
2026-06-29,601318,14:43:09,48.4800,63,1
2026-06-29,601318,14:43:12,48.4800,445,1
2026-06-29,601318,14:43:15,48.4900,39,1
2026-06-29,601318,14:43:18,48.4900,59,1
2026-06-29,601318,14:43:21,48.4800,9,2
2026-06-29,601318,14:43:24,48.4800,95,2
2026-06-29,601318,14:43:27,48.4900,49,1
2026-06-29,601318,14:43:30,48.4900,31,1
2026-06-29,601318,14:43:33,48.4800,58,2
2026-06-29,601318,14:43:36,48.4800,327,2
2026-06-29,601318,14:43:39,48.4800,148,2
2026-06-29,601318,14:43:42,48.4800,412,2
2026-06-29,601318,14:43:45,48.4800,103,1
2026-06-29,601318,14:43:48,48.4800,69,1
2026-06-29,601318,14:43:51,48.4800,1099,1
2026-06-29,601318,14:43:54,48.4800,32,2
2026-06-29,601318,14:43:57,48.4900,27,1
2026-06-29,601318,14:44:00,48.4900,125,1
2026-06-29,601318,14:44:03,48.4700,305,2
2026-06-29,601318,14:44:06,48.4900,137,1
2026-06-29,601318,14:44:09,48.4800,204,1
2026-06-29,601318,14:44:12,48.4700,123,2
2026-06-29,601318,14:44:15,48.4700,141,2
2026-06-29,601318,14:44:18,48.4800,55,1
2026-06-29,601318,14:44:21,48.4700,52,2
2026-06-29,601318,14:44:24,48.4800,111,1
2026-06-29,601318,14:44:27,48.4800,52,1
2026-06-29,601318,14:44:30,48.4800,142,1
2026-06-29,601318,14:44:33,48.4700,51,2
2026-06-29,601318,14:44:36,48.4800,76,1
2026-06-29,601318,14:44:39,48.4800,244,1
2026-06-29,601318,14:44:42,48.4700,199,2
2026-06-29,601318,14:44:45,48.4700,217,2
2026-06-29,601318,14:44:48,48.4700,98,1
2026-06-29,601318,14:44:51,48.4800,92,1
2026-06-29,601318,14:44:54,48.4700,33,2
2026-06-29,601318,14:44:57,48.4700,14,2
2026-06-29,601318,14:45:00,48.4800,98,1
2026-06-29,601318,14:45:03,48.4800,92,1
2026-06-29,601318,14:45:06,48.4800,22,1
2026-06-29,601318,14:45:09,48.4800,100,1
2026-06-29,601318,14:45:12,48.4800,42,2
2026-06-29,601318,14:45:15,48.4800,21,2
2026-06-29,601318,14:45:18,48.4900,61,1
2026-06-29,601318,14:45:21,48.4800,918,2
2026-06-29,601318,14:45:24,48.4800,227,1
2026-06-29,601318,14:45:27,48.4700,8,2
2026-06-29,601318,14:45:30,48.4700,127,2
2026-06-29,601318,14:45:33,48.4600,594,2
2026-06-29,601318,14:45:36,48.4700,37,1
2026-06-29,601318,14:45:39,48.4600,205,2
2026-06-29,601318,14:45:42,48.4700,8,1
2026-06-29,601318,14:45:45,48.4700,63,1
2026-06-29,601318,14:45:48,48.4700,33,1
2026-06-29,601318,14:45:51,48.4700,74,1
2026-06-29,601318,14:45:54,48.4600,75,2
2026-06-29,601318,14:45:57,48.4600,90,2
2026-06-29,601318,14:46:00,48.4800,73,1
2026-06-29,601318,14:46:03,48.4700,115,2
2026-06-29,601318,14:46:06,48.4900,1205,1
2026-06-29,601318,14:46:09,48.4800,35,2
2026-06-29,601318,14:46:12,48.4900,437,1
2026-06-29,601318,14:46:15,48.4900,64,2
2026-06-29,601318,14:46:18,48.4900,155,2
2026-06-29,601318,14:46:21,48.4900,244,2
2026-06-29,601318,14:46:24,48.4900,453,2
2026-06-29,601318,14:46:27,48.5000,260,1
2026-06-29,601318,14:46:30,48.4900,243,2
2026-06-29,601318,14:46:33,48.4800,183,2
2026-06-29,601318,14:46:36,48.4900,444,1
2026-06-29,601318,14:46:39,48.4800,162,2
2026-06-29,601318,14:46:42,48.4900,254,1
2026-06-29,601318,14:46:45,48.4900,15,1
2026-06-29,601318,14:46:48,48.4800,26,2
2026-06-29,601318,14:46:51,48.4800,163,2
2026-06-29,601318,14:46:54,48.4800,77,2
2026-06-29,601318,14:46:57,48.4800,93,2
2026-06-29,601318,14:47:00,48.4800,196,2
2026-06-29,601318,14:47:03,48.4800,332,2
2026-06-29,601318,14:47:06,48.4800,187,1
2026-06-29,601318,14:47:09,48.4800,46,1
2026-06-29,601318,14:47:12,48.4600,189,2
2026-06-29,601318,14:47:15,48.4600,47,2
2026-06-29,601318,14:47:18,48.4700,11,1
2026-06-29,601318,14:47:21,48.4600,62,2
2026-06-29,601318,14:47:24,48.4700,99,1
2026-06-29,601318,14:47:27,48.4700,106,1
2026-06-29,601318,14:47:30,48.4600,239,2
2026-06-29,601318,14:47:33,48.4500,1305,2
2026-06-29,601318,14:47:36,48.4600,507,1
2026-06-29,601318,14:47:39,48.4600,56,1
2026-06-29,601318,14:47:42,48.4500,18,2
2026-06-29,601318,14:47:45,48.4500,235,2
2026-06-29,601318,14:47:48,48.4600,184,1
2026-06-29,601318,14:47:51,48.4500,23,2
2026-06-29,601318,14:47:54,48.4500,42,2
2026-06-29,601318,14:47:57,48.4500,610,2
2026-06-29,601318,14:48:00,48.4600,49,2
2026-06-29,601318,14:48:03,48.4700,130,1
2026-06-29,601318,14:48:06,48.4700,106,1
2026-06-29,601318,14:48:09,48.4700,119,1
2026-06-29,601318,14:48:12,48.4600,147,2
2026-06-29,601318,14:48:15,48.4600,335,2
2026-06-29,601318,14:48:18,48.4700,27,1
2026-06-29,601318,14:48:21,48.4600,282,2
2026-06-29,601318,14:48:24,48.4600,625,2
2026-06-29,601318,14:48:27,48.4700,278,1
2026-06-29,601318,14:48:30,48.4500,82,2
2026-06-29,601318,14:48:33,48.4600,129,2
2026-06-29,601318,14:48:36,48.4400,202,2
2026-06-29,601318,14:48:39,48.4500,11,2
2026-06-29,601318,14:48:42,48.4500,27,4
2026-06-29,601318,14:48:45,48.4500,111,1
2026-06-29,601318,14:48:48,48.4600,45,1
2026-06-29,601318,14:48:51,48.4500,80,2
2026-06-29,601318,14:48:54,48.4500,83,2
2026-06-29,601318,14:48:57,48.4600,60,1
2026-06-29,601318,14:49:00,48.4500,141,4
2026-06-29,601318,14:49:03,48.4500,43,2
2026-06-29,601318,14:49:06,48.4500,267,2
2026-06-29,601318,14:49:09,48.4700,236,1
2026-06-29,601318,14:49:12,48.4800,275,1
2026-06-29,601318,14:49:15,48.4800,137,1
2026-06-29,601318,14:49:18,48.4800,212,1
2026-06-29,601318,14:49:21,48.4700,173,2
2026-06-29,601318,14:49:24,48.4900,82,1
2026-06-29,601318,14:49:27,48.4900,317,1
2026-06-29,601318,14:49:30,48.4800,86,2
2026-06-29,601318,14:49:33,48.4700,497,2
2026-06-29,601318,14:49:36,48.4700,183,1
2026-06-29,601318,14:49:39,48.4700,91,2
2026-06-29,601318,14:49:42,48.4700,23,2
2026-06-29,601318,14:49:45,48.4700,100,2
2026-06-29,601318,14:49:48,48.4700,27,2
2026-06-29,601318,14:49:51,48.4700,202,2
2026-06-29,601318,14:49:54,48.4600,427,2
2026-06-29,601318,14:49:57,48.4700,172,1
2026-06-29,601318,14:50:00,48.4700,79,1
2026-06-29,601318,14:50:03,48.4600,57,2
2026-06-29,601318,14:50:06,48.4700,298,1
2026-06-29,601318,14:50:09,48.5000,1043,1
2026-06-29,601318,14:50:12,48.4900,70,4
2026-06-29,601318,14:50:15,48.4800,29,2
2026-06-29,601318,14:50:18,48.4900,19,1
2026-06-29,601318,14:50:21,48.5000,96,1
2026-06-29,601318,14:50:24,48.4900,108,2
2026-06-29,601318,14:50:27,48.4900,151,1
2026-06-29,601318,14:50:30,48.4800,18,2
2026-06-29,601318,14:50:33,48.4900,292,1
2026-06-29,601318,14:50:36,48.4800,713,2
2026-06-29,601318,14:50:39,48.4900,93,1
2026-06-29,601318,14:50:42,48.5000,115,1
2026-06-29,601318,14:50:45,48.4900,373,2
2026-06-29,601318,14:50:48,48.4900,40,2
2026-06-29,601318,14:50:51,48.5000,135,1
2026-06-29,601318,14:50:54,48.5000,156,1
2026-06-29,601318,14:50:57,48.5000,990,1
2026-06-29,601318,14:51:00,48.5100,121,1
2026-06-29,601318,14:51:03,48.5000,209,2
2026-06-29,601318,14:51:06,48.4900,276,2
2026-06-29,601318,14:51:09,48.5000,83,1
2026-06-29,601318,14:51:12,48.5000,21,1
2026-06-29,601318,14:51:15,48.5000,137,1
2026-06-29,601318,14:51:18,48.5000,80,1
2026-06-29,601318,14:51:21,48.5000,148,1
2026-06-29,601318,14:51:24,48.5000,541,1
2026-06-29,601318,14:51:27,48.4900,61,2
2026-06-29,601318,14:51:30,48.5000,199,1
2026-06-29,601318,14:51:33,48.5000,28,1
2026-06-29,601318,14:51:36,48.5000,402,1
2026-06-29,601318,14:51:39,48.5000,108,2
2026-06-29,601318,14:51:42,48.5000,54,2
2026-06-29,601318,14:51:45,48.5000,743,2
2026-06-29,601318,14:51:48,48.5100,577,1
2026-06-29,601318,14:51:51,48.5000,115,2
2026-06-29,601318,14:51:54,48.5000,219,2
2026-06-29,601318,14:51:57,48.5100,203,1
2026-06-29,601318,14:52:00,48.5000,208,2
2026-06-29,601318,14:52:03,48.4900,413,2
2026-06-29,601318,14:52:06,48.4900,212,2
2026-06-29,601318,14:52:09,48.4900,135,2
2026-06-29,601318,14:52:12,48.5100,316,1
2026-06-29,601318,14:52:15,48.5000,151,2
2026-06-29,601318,14:52:18,48.4900,69,2
2026-06-29,601318,14:52:21,48.5000,58,1
2026-06-29,601318,14:52:24,48.4900,123,2
2026-06-29,601318,14:52:27,48.5000,5,1
2026-06-29,601318,14:52:30,48.5000,36,1
2026-06-29,601318,14:52:33,48.5000,104,1
2026-06-29,601318,14:52:36,48.5000,33,2
2026-06-29,601318,14:52:39,48.5100,105,1
2026-06-29,601318,14:52:42,48.5000,109,2
2026-06-29,601318,14:52:45,48.5000,449,2
2026-06-29,601318,14:52:48,48.5000,32,1
2026-06-29,601318,14:52:51,48.5100,85,1
2026-06-29,601318,14:52:54,48.5100,106,1
2026-06-29,601318,14:52:57,48.5100,256,1
2026-06-29,601318,14:53:00,48.5100,40,2
2026-06-29,601318,14:53:03,48.5100,378,2
2026-06-29,601318,14:53:06,48.5100,319,1
2026-06-29,601318,14:53:09,48.5200,216,1
2026-06-29,601318,14:53:12,48.5100,88,2
2026-06-29,601318,14:53:15,48.5200,8,1
2026-06-29,601318,14:53:18,48.5200,72,1
2026-06-29,601318,14:53:21,48.5200,133,1
2026-06-29,601318,14:53:24,48.5200,32,1
2026-06-29,601318,14:53:27,48.5100,643,2
2026-06-29,601318,14:53:30,48.5100,71,1
2026-06-29,601318,14:53:33,48.5000,113,2
2026-06-29,601318,14:53:36,48.5100,79,1
2026-06-29,601318,14:53:39,48.5100,215,1
2026-06-29,601318,14:53:42,48.5100,14,4
2026-06-29,601318,14:53:45,48.5100,96,1
2026-06-29,601318,14:53:48,48.5100,56,1
2026-06-29,601318,14:53:51,48.5100,297,1
2026-06-29,601318,14:53:54,48.5000,109,2
2026-06-29,601318,14:53:57,48.5000,51,2
2026-06-29,601318,14:54:00,48.5000,150,2
2026-06-29,601318,14:54:03,48.5000,373,1
2026-06-29,601318,14:54:06,48.4900,173,2
2026-06-29,601318,14:54:09,48.4900,146,2
2026-06-29,601318,14:54:12,48.4900,32,2
2026-06-29,601318,14:54:15,48.4900,592,2
2026-06-29,601318,14:54:18,48.4900,109,4
2026-06-29,601318,14:54:21,48.4900,177,1
2026-06-29,601318,14:54:24,48.4900,88,2
2026-06-29,601318,14:54:27,48.4900,130,2
2026-06-29,601318,14:54:30,48.4900,33,2
2026-06-29,601318,14:54:33,48.5000,73,1
2026-06-29,601318,14:54:36,48.5000,103,1
2026-06-29,601318,14:54:39,48.5000,392,1
2026-06-29,601318,14:54:42,48.4900,254,2
2026-06-29,601318,14:54:45,48.5000,139,1
2026-06-29,601318,14:54:48,48.5000,112,1
2026-06-29,601318,14:54:51,48.5000,138,1
2026-06-29,601318,14:54:54,48.5000,126,2
2026-06-29,601318,14:54:57,48.4900,407,2
2026-06-29,601318,14:55:00,48.4900,335,2
2026-06-29,601318,14:55:03,48.5000,454,1
2026-06-29,601318,14:55:06,48.5000,88,1
2026-06-29,601318,14:55:09,48.5000,149,1
2026-06-29,601318,14:55:12,48.5000,281,1
2026-06-29,601318,14:55:15,48.4900,226,2
2026-06-29,601318,14:55:18,48.5100,232,1
2026-06-29,601318,14:55:21,48.5000,209,2
2026-06-29,601318,14:55:24,48.5000,186,1
2026-06-29,601318,14:55:27,48.5000,104,1
2026-06-29,601318,14:55:30,48.5000,117,1
2026-06-29,601318,14:55:33,48.4900,659,2
2026-06-29,601318,14:55:36,48.4900,160,1
2026-06-29,601318,14:55:39,48.5000,131,1
2026-06-29,601318,14:55:42,48.5000,601,1
2026-06-29,601318,14:55:45,48.4900,69,2
2026-06-29,601318,14:55:48,48.5000,68,1
2026-06-29,601318,14:55:51,48.5000,88,1
2026-06-29,601318,14:55:54,48.5000,311,1
2026-06-29,601318,14:55:57,48.5000,58,1
2026-06-29,601318,14:56:00,48.4900,322,2
2026-06-29,601318,14:56:03,48.4900,241,2
2026-06-29,601318,14:56:06,48.4900,293,1
2026-06-29,601318,14:56:09,48.5000,41,1
2026-06-29,601318,14:56:12,48.5000,87,1
2026-06-29,601318,14:56:15,48.5000,296,1
2026-06-29,601318,14:56:18,48.5000,446,1
2026-06-29,601318,14:56:21,48.4900,76,2
2026-06-29,601318,14:56:24,48.4900,71,1
2026-06-29,601318,14:56:27,48.4900,55,1
2026-06-29,601318,14:56:30,48.4900,53,1
2026-06-29,601318,14:56:33,48.4900,142,1
2026-06-29,601318,14:56:36,48.5000,375,1
2026-06-29,601318,14:56:39,48.4900,70,2
2026-06-29,601318,14:56:42,48.4800,125,2
2026-06-29,601318,14:56:45,48.4800,32,2
2026-06-29,601318,14:56:48,48.5000,102,1
2026-06-29,601318,14:56:51,48.4800,201,2
2026-06-29,601318,14:56:54,48.4800,182,1
2026-06-29,601318,14:56:57,48.4800,41,2
2026-06-29,601318,14:57:00,48.4900,18,1
2026-06-29,601318,15:00:00,48.6000,16286,4
2026-06-29,601318,13:17:03,48.5800,21,1
2026-06-29,601318,13:17:06,48.5700,82,2
2026-06-29,601318,13:17:09,48.5600,357,2
2026-06-29,601318,13:17:12,48.5500,148,2
2026-06-29,601318,13:17:15,48.5600,16,1
2026-06-29,601318,13:17:18,48.5600,37,1
2026-06-29,601318,13:17:21,48.5600,26,1
2026-06-29,601318,13:17:24,48.5500,75,2
2026-06-29,601318,13:17:27,48.5600,32,1
2026-06-29,601318,13:17:30,48.5500,195,2
2026-06-29,601318,13:17:33,48.5500,57,1
2026-06-29,601318,13:17:36,48.5300,740,2
2026-06-29,601318,13:17:39,48.5000,14,2
2026-06-29,601318,13:17:42,48.5100,7,4
2026-06-29,601318,13:17:45,48.5200,42,1
2026-06-29,601318,13:17:48,48.5100,368,2
2026-06-29,601318,13:17:51,48.5200,196,1
2026-06-29,601318,13:17:54,48.5200,108,1
2026-06-29,601318,13:17:57,48.5200,27,1
2026-06-29,601318,13:18:00,48.5300,64,1
2026-06-29,601318,13:18:03,48.5300,113,2
2026-06-29,601318,13:18:06,48.5400,138,4
2026-06-29,601318,13:18:09,48.5400,49,2
2026-06-29,601318,13:18:12,48.5500,17,1
2026-06-29,601318,13:18:15,48.5500,89,2
2026-06-29,601318,13:18:18,48.5400,227,2
2026-06-29,601318,13:18:21,48.5300,47,1
2026-06-29,601318,13:18:24,48.5400,21,1
2026-06-29,601318,13:18:27,48.5400,110,1
2026-06-29,601318,13:18:30,48.5200,15,2
2026-06-29,601318,13:18:33,48.5300,47,2
2026-06-29,601318,13:18:36,48.5200,53,2
2026-06-29,601318,13:18:39,48.5200,16,2
2026-06-29,601318,13:18:42,48.5300,24,1
2026-06-29,601318,13:18:45,48.5300,125,1
2026-06-29,601318,13:18:48,48.5400,102,1
2026-06-29,601318,13:18:51,48.5400,328,1
2026-06-29,601318,13:18:54,48.5700,155,1
2026-06-29,601318,13:18:57,48.5700,24,1
2026-06-29,601318,13:19:00,48.5700,162,1
2026-06-29,601318,13:19:03,48.5700,223,1
2026-06-29,601318,13:19:06,48.5800,193,1
2026-06-29,601318,13:19:09,48.5700,46,2
2026-06-29,601318,13:19:12,48.5600,95,2
2026-06-29,601318,13:19:15,48.5700,130,1
2026-06-29,601318,13:19:18,48.5600,35,2
2026-06-29,601318,13:19:21,48.5600,48,2
2026-06-29,601318,13:19:24,48.5700,325,1
2026-06-29,601318,13:19:27,48.5600,141,2
2026-06-29,601318,13:19:30,48.5500,161,2
2026-06-29,601318,13:19:33,48.5600,223,1
2026-06-29,601318,13:19:36,48.5500,41,2
2026-06-29,601318,13:19:39,48.5600,115,1
2026-06-29,601318,13:19:42,48.5500,94,4
2026-06-29,601318,13:19:45,48.5500,68,2
2026-06-29,601318,13:19:48,48.5500,34,2
2026-06-29,601318,13:19:51,48.5500,98,2
2026-06-29,601318,13:19:54,48.5500,191,1
2026-06-29,601318,13:19:57,48.5500,38,1
2026-06-29,601318,13:20:00,48.5500,48,1
2026-06-29,601318,13:20:03,48.5500,191,1
2026-06-29,601318,13:20:06,48.5500,25,2
2026-06-29,601318,13:20:09,48.5500,93,2
2026-06-29,601318,13:20:12,48.5500,29,2
2026-06-29,601318,13:20:15,48.5600,14,1
2026-06-29,601318,13:20:18,48.5500,53,2
2026-06-29,601318,13:20:21,48.5500,114,2
2026-06-29,601318,13:20:24,48.5700,69,1
2026-06-29,601318,13:20:27,48.5700,201,1
2026-06-29,601318,13:20:30,48.5800,115,1
2026-06-29,601318,13:20:33,48.5800,47,1
2026-06-29,601318,13:20:36,48.5700,42,2
2026-06-29,601318,13:20:39,48.5800,35,1
2026-06-29,601318,13:20:42,48.5800,93,1
2026-06-29,601318,13:20:45,48.5800,17,1
2026-06-29,601318,13:20:48,48.5600,300,2
2026-06-29,601318,13:20:51,48.5500,229,2
2026-06-29,601318,13:20:54,48.4900,576,2
2026-06-29,601318,13:20:57,48.5000,118,4
2026-06-29,601318,13:21:00,48.4900,77,2
2026-06-29,601318,13:21:03,48.4800,183,2
2026-06-29,601318,13:21:06,48.4600,239,2
2026-06-29,601318,13:21:09,48.4700,13,4
2026-06-29,601318,13:21:12,48.4700,315,1
2026-06-29,601318,13:21:15,48.4700,86,1
2026-06-29,601318,13:21:18,48.4700,30,1
2026-06-29,601318,13:21:21,48.4600,122,2
2026-06-29,601318,13:21:24,48.4600,50,1
2026-06-29,601318,13:21:27,48.4600,317,1
2026-06-29,601318,13:21:30,48.4400,128,2
2026-06-29,601318,13:21:33,48.4200,253,2
2026-06-29,601318,13:21:36,48.4200,69,2
2026-06-29,601318,13:21:39,48.4200,142,4
2026-06-29,601318,13:21:42,48.4200,40,1
2026-06-29,601318,13:21:45,48.4100,34,2
2026-06-29,601318,13:21:48,48.4100,225,2
2026-06-29,601318,13:21:51,48.4100,75,2
2026-06-29,601318,13:21:54,48.4100,409,2
2026-06-29,601318,13:21:57,48.4000,638,2
2026-06-29,601318,13:22:00,48.3700,158,2
2026-06-29,601318,13:22:03,48.3700,95,1
2026-06-29,601318,13:22:06,48.4000,113,1
2026-06-29,601318,13:22:09,48.4100,48,1
2026-06-29,601318,13:22:12,48.4000,154,2
2026-06-29,601318,13:22:15,48.4100,55,1
2026-06-29,601318,13:22:18,48.3900,110,2
2026-06-29,601318,13:22:21,48.4200,81,2
2026-06-29,601318,13:22:24,48.4400,113,1
2026-06-29,601318,13:22:27,48.4400,7,1
2026-06-29,601318,13:22:30,48.4200,99,2
2026-06-29,601318,13:22:33,48.4200,21,1
2026-06-29,601318,13:22:36,48.4200,71,1
2026-06-29,601318,13:22:39,48.4100,17,4
2026-06-29,601318,13:22:42,48.4000,22,2
2026-06-29,601318,13:22:45,48.4000,172,2
2026-06-29,601318,13:22:48,48.4000,217,1
2026-06-29,601318,13:22:51,48.4000,22,1
2026-06-29,601318,13:22:54,48.4000,106,1
2026-06-29,601318,13:22:57,48.4000,14,1
2026-06-29,601318,13:23:00,48.3900,118,2
2026-06-29,601318,13:23:03,48.4000,47,1
2026-06-29,601318,13:23:06,48.4000,55,1
2026-06-29,601318,13:23:09,48.3900,122,2
2026-06-29,601318,13:23:12,48.4000,37,1
2026-06-29,601318,13:23:15,48.4100,106,1
2026-06-29,601318,13:23:18,48.4400,81,1
2026-06-29,601318,13:23:21,48.4600,188,1
2026-06-29,601318,13:23:24,48.4600,10,1
2026-06-29,601318,13:23:27,48.4500,450,2
2026-06-29,601318,13:23:30,48.4500,57,2
2026-06-29,601318,13:23:33,48.4200,143,2
2026-06-29,601318,13:23:36,48.4400,37,1
2026-06-29,601318,13:23:39,48.4700,319,1
2026-06-29,601318,13:23:42,48.4500,64,2
2026-06-29,601318,13:23:45,48.4500,159,2
2026-06-29,601318,13:23:48,48.4500,55,2
2026-06-29,601318,13:23:51,48.4200,224,2
2026-06-29,601318,13:23:54,48.3900,177,2
2026-06-29,601318,13:23:57,48.4000,237,1
2026-06-29,601318,13:24:00,48.3900,100,2
2026-06-29,601318,13:24:03,48.4200,215,1
2026-06-29,601318,13:24:06,48.3900,104,2
2026-06-29,601318,13:24:09,48.4000,42,1
2026-06-29,601318,13:24:12,48.4200,26,1
2026-06-29,601318,13:24:15,48.3900,262,2
2026-06-29,601318,13:24:18,48.3900,277,2
2026-06-29,601318,13:24:21,48.4000,81,4
2026-06-29,601318,13:24:24,48.3900,114,2
2026-06-29,601318,13:24:27,48.4000,60,1
2026-06-29,601318,13:24:30,48.3900,430,2
2026-06-29,601318,13:24:33,48.3800,177,2
2026-06-29,601318,13:24:36,48.3800,87,4
2026-06-29,601318,13:24:39,48.3700,310,2
2026-06-29,601318,13:24:42,48.3900,30,1
2026-06-29,601318,13:24:45,48.3900,94,1
2026-06-29,601318,13:24:48,48.3800,16,2
2026-06-29,601318,13:24:51,48.3900,10,4
2026-06-29,601318,13:24:54,48.3800,51,2
2026-06-29,601318,13:24:57,48.3900,72,1
2026-06-29,601318,13:25:00,48.3800,117,2
2026-06-29,601318,13:25:03,48.3900,117,1
2026-06-29,601318,13:25:06,48.3900,15,1
2026-06-29,601318,13:25:09,48.3800,14,2
2026-06-29,601318,13:25:12,48.3800,104,2
2026-06-29,601318,13:25:15,48.4000,158,1
2026-06-29,601318,13:25:18,48.4100,172,1
2026-06-29,601318,13:25:21,48.4200,52,1
2026-06-29,601318,13:25:24,48.4400,654,1
2026-06-29,601318,13:25:27,48.4600,146,1
2026-06-29,601318,13:25:30,48.4400,70,2
2026-06-29,601318,13:25:33,48.4500,157,1
2026-06-29,601318,13:25:36,48.4200,82,2
2026-06-29,601318,13:25:39,48.4100,171,2
2026-06-29,601318,13:25:42,48.4000,96,2
2026-06-29,601318,13:25:45,48.4000,128,2
2026-06-29,601318,13:25:48,48.4100,134,1
2026-06-29,601318,13:25:51,48.4000,54,4
2026-06-29,601318,13:25:54,48.4100,43,1
2026-06-29,601318,13:25:57,48.4100,148,1
2026-06-29,601318,13:26:00,48.4100,208,1
2026-06-29,601318,13:26:03,48.4100,134,1
2026-06-29,601318,13:26:06,48.4200,198,1
2026-06-29,601318,13:26:09,48.4400,30,1
2026-06-29,601318,13:26:12,48.4500,60,1
2026-06-29,601318,13:26:15,48.4600,147,1
2026-06-29,601318,13:26:18,48.4600,58,1
2026-06-29,601318,13:26:21,48.4600,141,1
2026-06-29,601318,13:26:24,48.4700,132,1
2026-06-29,601318,13:26:27,48.4700,77,2
2026-06-29,601318,13:26:30,48.4900,45,1
2026-06-29,601318,13:26:33,48.4500,320,2
2026-06-29,601318,13:26:36,48.4600,133,1
2026-06-29,601318,13:26:39,48.4600,46,1
2026-06-29,601318,13:26:42,48.4600,38,1
2026-06-29,601318,13:26:45,48.4600,74,2
2026-06-29,601318,13:26:48,48.4700,374,1
2026-06-29,601318,13:26:51,48.4500,248,2
2026-06-29,601318,13:26:54,48.4500,65,1
2026-06-29,601318,13:26:57,48.4500,125,1
2026-06-29,601318,13:27:00,48.4600,106,1
2026-06-29,601318,13:27:03,48.4600,61,1
2026-06-29,601318,13:27:06,48.4500,94,2
2026-06-29,601318,13:27:09,48.4500,144,2
2026-06-29,601318,13:27:12,48.4600,127,4
2026-06-29,601318,13:27:15,48.4600,74,2
2026-06-29,601318,13:27:18,48.4500,57,2
2026-06-29,601318,13:27:21,48.4700,113,1
2026-06-29,601318,13:27:24,48.4700,224,1
2026-06-29,601318,13:27:27,48.4200,570,2
2026-06-29,601318,13:27:30,48.4600,530,1
2026-06-29,601318,13:27:33,48.4400,148,4
2026-06-29,601318,13:27:36,48.4700,33,1
2026-06-29,601318,13:27:39,48.4800,12,1
2026-06-29,601318,13:27:42,48.4700,73,2
2026-06-29,601318,13:27:45,48.4900,249,1
2026-06-29,601318,13:27:48,48.4900,100,1
2026-06-29,601318,13:27:51,48.4800,66,2
2026-06-29,601318,13:27:54,48.4900,38,1
2026-06-29,601318,13:27:57,48.4900,47,1
2026-06-29,601318,13:28:00,48.4900,208,1
2026-06-29,601318,13:28:03,48.5100,155,1
2026-06-29,601318,13:28:06,48.4900,381,2
2026-06-29,601318,13:28:09,48.4900,376,1
2026-06-29,601318,13:28:12,48.5000,106,1
2026-06-29,601318,13:28:15,48.4900,230,2
2026-06-29,601318,13:28:18,48.4900,66,4
2026-06-29,601318,13:28:21,48.4900,26,1
2026-06-29,601318,13:28:24,48.4800,46,2
2026-06-29,601318,13:28:27,48.4900,10,1
2026-06-29,601318,13:28:30,48.4800,85,1
2026-06-29,601318,13:28:33,48.4700,47,2
2026-06-29,601318,13:28:36,48.4600,91,2
2026-06-29,601318,13:28:39,48.4500,42,2
2026-06-29,601318,13:28:42,48.4400,63,4
2026-06-29,601318,13:28:45,48.4400,100,1
2026-06-29,601318,13:28:48,48.4300,82,4
2026-06-29,601318,13:28:51,48.4200,67,2
2026-06-29,601318,13:28:54,48.4300,12,1
2026-06-29,601318,13:28:57,48.4200,259,2
2026-06-29,601318,13:29:00,48.4200,76,1
2026-06-29,601318,13:29:03,48.4100,377,2
2026-06-29,601318,13:29:06,48.4200,79,2
2026-06-29,601318,13:29:09,48.4200,32,1
2026-06-29,601318,13:29:12,48.4300,61,1
2026-06-29,601318,13:29:15,48.4400,99,1
2026-06-29,601318,13:29:18,48.4400,90,1
2026-06-29,601318,13:29:21,48.4400,32,1
2026-06-29,601318,13:29:24,48.4300,55,2
2026-06-29,601318,13:29:27,48.4200,67,2
2026-06-29,601318,13:29:30,48.4200,318,2
2026-06-29,601318,13:29:33,48.4100,47,2
2026-06-29,601318,13:29:36,48.3900,651,2
2026-06-29,601318,13:29:39,48.3800,25,4
2026-06-29,601318,13:29:42,48.3800,46,1
2026-06-29,601318,13:29:45,48.3800,321,1
2026-06-29,601318,13:29:48,48.3800,18,2
2026-06-29,601318,13:29:51,48.3900,158,1
2026-06-29,601318,13:29:54,48.3700,45,2
2026-06-29,601318,13:29:57,48.3900,32,1
2026-06-29,601318,13:30:00,48.3800,83,2
2026-06-29,601318,13:30:03,48.3900,85,1
2026-06-29,601318,13:30:06,48.3700,59,2
2026-06-29,601318,13:30:09,48.3800,55,1
2026-06-29,601318,13:30:12,48.3800,162,1
2026-06-29,601318,13:30:15,48.3800,38,2
2026-06-29,601318,13:30:18,48.3800,75,2
2026-06-29,601318,13:30:21,48.3800,134,1
2026-06-29,601318,13:30:24,48.3700,41,2
2026-06-29,601318,13:30:27,48.3800,268,1
2026-06-29,601318,13:30:30,48.3800,87,2
2026-06-29,601318,13:30:33,48.3800,252,2
2026-06-29,601318,13:30:36,48.3700,14,4
2026-06-29,601318,13:30:39,48.3700,115,1
2026-06-29,601318,13:30:42,48.3700,84,1
2026-06-29,601318,13:30:45,48.3600,125,2
2026-06-29,601318,13:30:48,48.3600,16,2
2026-06-29,601318,13:30:51,48.3500,236,2
2026-06-29,601318,13:30:54,48.3600,229,1
2026-06-29,601318,13:30:57,48.3500,97,2
2026-06-29,601318,13:31:00,48.3600,116,1
2026-06-29,601318,13:31:03,48.3500,94,2
2026-06-29,601318,13:31:06,48.3600,237,1
2026-06-29,601318,13:31:09,48.3500,52,2
2026-06-29,601318,13:31:12,48.3500,228,2
2026-06-29,601318,13:31:15,48.3500,160,1
2026-06-29,601318,13:31:18,48.3400,86,2
2026-06-29,601318,13:31:21,48.3300,150,2
2026-06-29,601318,13:31:24,48.3400,27,4
2026-06-29,601318,13:31:27,48.3300,53,2
2026-06-29,601318,13:31:30,48.3400,70,1
2026-06-29,601318,13:31:33,48.3300,60,2
2026-06-29,601318,13:31:36,48.3400,446,1
2026-06-29,601318,13:31:39,48.3400,375,1
2026-06-29,601318,13:31:42,48.3500,62,1
2026-06-29,601318,13:31:45,48.3600,57,1
2026-06-29,601318,13:31:48,48.3600,15,1
2026-06-29,601318,13:31:51,48.3600,143,1
2026-06-29,601318,13:31:54,48.3500,26,1
2026-06-29,601318,13:31:57,48.3500,35,2
2026-06-29,601318,13:32:00,48.3600,48,1
2026-06-29,601318,13:32:03,48.3500,64,2
2026-06-29,601318,13:32:06,48.3500,244,1
2026-06-29,601318,13:32:09,48.3600,43,1
2026-06-29,601318,13:32:12,48.3600,54,1
2026-06-29,601318,13:32:15,48.3600,13,1
2026-06-29,601318,13:32:18,48.3700,245,1
2026-06-29,601318,13:32:21,48.3800,136,1
2026-06-29,601318,13:32:24,48.3900,68,1
2026-06-29,601318,13:32:27,48.3900,20,2
2026-06-29,601318,13:32:30,48.4000,22,1
2026-06-29,601318,13:32:33,48.3900,28,2
2026-06-29,601318,13:32:36,48.4000,19,1
2026-06-29,601318,13:32:39,48.3900,11,2
2026-06-29,601318,13:32:42,48.4000,122,1
2026-06-29,601318,13:32:45,48.3900,228,2
2026-06-29,601318,13:32:48,48.3800,33,4
2026-06-29,601318,13:32:51,48.3800,35,1
2026-06-29,601318,13:32:54,48.3700,33,2
2026-06-29,601318,13:32:57,48.3700,67,2
2026-06-29,601318,13:33:00,48.3600,199,2
2026-06-29,601318,13:33:03,48.3700,86,1
2026-06-29,601318,13:33:06,48.3600,274,2
2026-06-29,601318,13:33:09,48.3500,38,2
2026-06-29,601318,13:33:12,48.3500,28,2
2026-06-29,601318,13:33:15,48.3500,52,2
2026-06-29,601318,13:33:18,48.3400,102,2
2026-06-29,601318,13:33:21,48.3400,64,2
2026-06-29,601318,13:33:24,48.3400,186,2
2026-06-29,601318,13:33:27,48.3400,19,2
2026-06-29,601318,13:33:30,48.3400,27,2
2026-06-29,601318,13:33:33,48.3400,122,2
2026-06-29,601318,13:33:36,48.3300,22,2
2026-06-29,601318,13:33:39,48.3300,88,2
2026-06-29,601318,13:33:42,48.3100,1230,2
2026-06-29,601318,13:33:45,48.3000,97,2
2026-06-29,601318,13:33:48,48.3100,308,1
2026-06-29,601318,13:33:51,48.3000,458,2
2026-06-29,601318,13:33:54,48.2800,628,2
2026-06-29,601318,13:33:57,48.2600,453,2
2026-06-29,601318,13:34:00,48.2500,166,2
2026-06-29,601318,13:34:03,48.2500,534,2
2026-06-29,601318,13:34:06,48.2700,68,2
2026-06-29,601318,13:34:09,48.2800,61,2
2026-06-29,601318,13:34:12,48.3000,62,1
2026-06-29,601318,13:34:15,48.3000,72,1
2026-06-29,601318,13:34:18,48.3200,247,1
2026-06-29,601318,13:34:21,48.3100,37,2
2026-06-29,601318,13:34:24,48.3200,164,4
2026-06-29,601318,13:34:27,48.3200,63,2
2026-06-29,601318,13:34:30,48.3300,84,1
2026-06-29,601318,13:34:33,48.3300,72,1
2026-06-29,601318,13:34:36,48.3300,78,1
2026-06-29,601318,13:34:39,48.3300,265,1
2026-06-29,601318,13:34:42,48.3300,172,1
2026-06-29,601318,13:34:45,48.3300,6,2
2026-06-29,601318,13:34:48,48.3400,72,1
2026-06-29,601318,13:34:51,48.3500,61,1
2026-06-29,601318,13:34:54,48.3500,47,1
2026-06-29,601318,13:34:57,48.3400,112,2
2026-06-29,601318,13:35:00,48.3300,74,2
2026-06-29,601318,13:35:03,48.3400,65,1
2026-06-29,601318,13:35:06,48.3300,60,2
2026-06-29,601318,13:35:09,48.3300,253,2
2026-06-29,601318,13:35:12,48.3300,43,2
2026-06-29,601318,13:35:15,48.3200,57,2
2026-06-29,601318,13:35:18,48.3300,62,1
2026-06-29,601318,13:35:21,48.3200,12,1
2026-06-29,601318,13:35:24,48.3200,136,1
2026-06-29,601318,13:35:27,48.3200,46,2
2026-06-29,601318,13:35:30,48.3200,87,2
2026-06-29,601318,13:35:33,48.3200,142,2
2026-06-29,601318,13:35:36,48.3200,74,2
2026-06-29,601318,13:35:39,48.3200,33,1
2026-06-29,601318,13:35:42,48.3300,53,1
2026-06-29,601318,13:35:45,48.3300,93,1
2026-06-29,601318,13:35:48,48.3400,282,1
2026-06-29,601318,13:35:51,48.3400,28,1
2026-06-29,601318,13:35:54,48.3500,46,2
2026-06-29,601318,13:35:57,48.3700,44,1
2026-06-29,601318,13:36:00,48.3600,175,2
2026-06-29,601318,13:36:03,48.3500,150,2
2026-06-29,601318,13:36:06,48.3300,280,2
2026-06-29,601318,13:36:09,48.3400,101,1
2026-06-29,601318,13:36:12,48.3400,112,2
2026-06-29,601318,13:36:15,48.3000,394,2
2026-06-29,601318,13:36:18,48.3300,28,1
2026-06-29,601318,13:36:21,48.3200,285,4
2026-06-29,601318,13:36:24,48.3300,194,1
2026-06-29,601318,13:36:27,48.3500,209,1
2026-06-29,601318,13:36:30,48.3700,220,1
2026-06-29,601318,13:36:33,48.3600,45,2
2026-06-29,601318,13:36:36,48.3500,65,2
2026-06-29,601318,13:36:39,48.3600,34,1
2026-06-29,601318,13:36:42,48.3600,22,1
2026-06-29,601318,13:36:45,48.3500,481,2
2026-06-29,601318,13:36:48,48.3400,67,2
2026-06-29,601318,13:36:51,48.3500,59,1
2026-06-29,601318,13:36:54,48.3500,59,1
2026-06-29,601318,13:36:57,48.3500,34,1
2026-06-29,601318,13:37:00,48.3500,124,1
2026-06-29,601318,13:37:03,48.3400,139,2
2026-06-29,601318,13:37:06,48.3300,157,2
2026-06-29,601318,13:37:09,48.3300,121,1
2026-06-29,601318,13:37:12,48.3100,40,2
2026-06-29,601318,13:37:15,48.3000,130,2
2026-06-29,601318,13:37:18,48.3100,122,1
2026-06-29,601318,13:37:21,48.3000,68,2
2026-06-29,601318,13:37:24,48.3000,67,1
2026-06-29,601318,13:37:27,48.3000,91,1
2026-06-29,601318,13:37:30,48.3100,149,1
2026-06-29,601318,13:37:33,48.3000,39,4
2026-06-29,601318,13:37:36,48.3000,62,2
2026-06-29,601318,13:37:39,48.3000,76,2
2026-06-29,601318,13:37:42,48.3100,154,1
2026-06-29,601318,13:37:45,48.3000,86,2
2026-06-29,601318,13:37:48,48.3100,2569,1
2026-06-29,601318,13:37:51,48.3100,68,2
2026-06-29,601318,13:37:54,48.3100,49,4
2026-06-29,601318,13:37:57,48.3100,28,1
2026-06-29,601318,13:38:00,48.3100,106,1
2026-06-29,601318,13:38:03,48.3100,61,2
2026-06-29,601318,13:38:06,48.3100,40,2
2026-06-29,601318,13:38:09,48.2900,52,2
2026-06-29,601318,13:38:12,48.3000,57,1
2026-06-29,601318,13:38:15,48.2900,71,2
2026-06-29,601318,13:38:18,48.3000,45,1
2026-06-29,601318,13:38:21,48.2900,78,2
2026-06-29,601318,13:38:24,48.2800,4,2
2026-06-29,601318,13:38:27,48.2800,58,2
2026-06-29,601318,13:38:30,48.2800,103,2
2026-06-29,601318,13:38:33,48.2700,138,2
2026-06-29,601318,13:38:36,48.2600,182,2
2026-06-29,601318,13:38:39,48.2600,37,1
2026-06-29,601318,13:38:42,48.2600,49,1
2026-06-29,601318,13:38:45,48.2600,168,1
2026-06-29,601318,13:38:48,48.2600,76,2
2026-06-29,601318,13:38:51,48.2700,91,1
2026-06-29,601318,13:38:54,48.2600,72,1
2026-06-29,601318,13:38:57,48.2500,59,4
2026-06-29,601318,13:39:00,48.2500,75,4
2026-06-29,601318,13:39:03,48.2500,216,1
2026-06-29,601318,13:39:06,48.2500,109,2
2026-06-29,601318,13:39:09,48.2500,93,1
2026-06-29,601318,13:39:12,48.2500,67,1
2026-06-29,601318,13:39:15,48.2500,68,1
2026-06-29,601318,13:39:18,48.2500,99,2
2026-06-29,601318,13:39:21,48.2500,13,1
2026-06-29,601318,13:39:24,48.2400,123,2
2026-06-29,601318,13:39:27,48.2500,68,1
2026-06-29,601318,13:39:30,48.2400,43,2
2026-06-29,601318,13:39:33,48.2300,132,2
2026-06-29,601318,13:39:36,48.2300,159,2
2026-06-29,601318,13:39:39,48.2300,53,2
2026-06-29,601318,13:39:42,48.2200,110,2
2026-06-29,601318,13:39:45,48.2600,211,1
2026-06-29,601318,13:39:48,48.2600,84,4
2026-06-29,601318,13:39:51,48.2400,98,2
2026-06-29,601318,13:39:54,48.2400,79,2
2026-06-29,601318,13:39:57,48.2400,31,1
2026-06-29,601318,13:40:00,48.2300,399,2
2026-06-29,601318,13:40:03,48.2200,341,2
2026-06-29,601318,13:40:06,48.2200,27,2
2026-06-29,601318,13:40:09,48.2200,96,2
2026-06-29,601318,13:40:12,48.2300,30,4
2026-06-29,601318,13:40:15,48.2200,66,2
2026-06-29,601318,13:40:18,48.2300,132,1
2026-06-29,601318,13:40:21,48.2200,106,2
2026-06-29,601318,13:40:24,48.2200,100,2
2026-06-29,601318,13:40:27,48.2100,359,2
2026-06-29,601318,13:40:30,48.2100,467,4
2026-06-29,601318,13:40:33,48.2100,41,1
2026-06-29,601318,13:40:36,48.2000,969,2
2026-06-29,601318,13:40:39,48.2000,177,1
2026-06-29,601318,13:40:42,48.1900,77,2
2026-06-29,601318,13:40:45,48.1900,138,2
2026-06-29,601318,13:40:48,48.1900,46,2
2026-06-29,601318,13:40:51,48.2100,573,1
2026-06-29,601318,13:40:54,48.2100,98,2
2026-06-29,601318,13:40:57,48.2200,106,1
2026-06-29,601318,13:41:00,48.2200,132,1
2026-06-29,601318,13:41:03,48.2300,562,1
2026-06-29,601318,13:41:06,48.2200,46,1
2026-06-29,601318,13:41:09,48.2400,380,1
2026-06-29,601318,13:41:12,48.2400,113,2
2026-06-29,601318,13:41:15,48.2400,46,2
2026-06-29,601318,13:41:18,48.2700,287,1
2026-06-29,601318,13:41:21,48.2700,169,2
2026-06-29,601318,13:41:24,48.2700,237,2
2026-06-29,601318,13:41:27,48.2700,86,1
2026-06-29,601318,13:41:30,48.2700,50,1
2026-06-29,601318,13:41:33,48.3000,540,1
2026-06-29,601318,13:41:36,48.3300,268,1
2026-06-29,601318,13:41:39,48.3400,252,1
2026-06-29,601318,13:41:42,48.3200,181,2
2026-06-29,601318,13:41:45,48.3500,92,1
2026-06-29,601318,13:41:48,48.3400,210,2
2026-06-29,601318,13:41:51,48.3100,195,2
2026-06-29,601318,13:41:54,48.3000,125,2
2026-06-29,601318,13:41:57,48.3100,114,4
2026-06-29,601318,13:42:00,48.3000,54,4
2026-06-29,601318,13:42:03,48.3000,206,1
2026-06-29,601318,13:42:06,48.2900,56,2
2026-06-29,601318,13:42:09,48.2900,173,2
2026-06-29,601318,13:42:12,48.2800,69,2
2026-06-29,601318,13:42:15,48.2600,65,2
2026-06-29,601318,13:42:18,48.2500,65,2
2026-06-29,601318,13:42:21,48.2500,973,2
2026-06-29,601318,13:42:24,48.2600,40,2
2026-06-29,601318,13:42:27,48.2700,24,4
2026-06-29,601318,13:42:30,48.2700,164,1
2026-06-29,601318,13:42:33,48.2800,8,1
2026-06-29,601318,13:42:36,48.2800,106,1
2026-06-29,601318,13:42:39,48.2800,32,1
2026-06-29,601318,13:42:42,48.2800,43,2
2026-06-29,601318,13:42:45,48.2800,34,1
2026-06-29,601318,13:42:48,48.2800,12,2
2026-06-29,601318,13:42:51,48.2800,50,2
2026-06-29,601318,13:42:54,48.2800,38,1
2026-06-29,601318,13:42:57,48.2800,70,1
2026-06-29,601318,13:43:00,48.2700,63,2
2026-06-29,601318,13:43:03,48.2700,170,2
2026-06-29,601318,13:43:06,48.2800,417,1
2026-06-29,601318,13:43:09,48.3000,88,1
2026-06-29,601318,13:43:12,48.3000,93,1
2026-06-29,601318,13:43:15,48.3000,36,1
2026-06-29,601318,13:43:18,48.3000,124,1
2026-06-29,601318,13:43:21,48.3000,268,1
2026-06-29,601318,13:43:24,48.3000,521,1
2026-06-29,601318,13:43:27,48.3400,177,2
2026-06-29,601318,13:43:30,48.3200,376,2
2026-06-29,601318,13:43:33,48.3200,140,2
2026-06-29,601318,13:43:36,48.3100,94,2
2026-06-29,601318,13:43:39,48.3200,44,1
2026-06-29,601318,13:43:42,48.3000,178,2
2026-06-29,601318,13:43:45,48.2900,158,2
2026-06-29,601318,13:43:48,48.3100,32,1
2026-06-29,601318,13:43:51,48.3100,117,1
2026-06-29,601318,13:43:54,48.3100,83,1
2026-06-29,601318,13:43:57,48.3100,76,1
2026-06-29,601318,13:44:00,48.3000,203,2
2026-06-29,601318,13:44:03,48.3000,21,1
2026-06-29,601318,13:44:06,48.2800,341,2
2026-06-29,601318,13:44:09,48.3000,427,1
2026-06-29,601318,13:44:12,48.3000,331,1
2026-06-29,601318,13:44:15,48.3000,84,1
2026-06-29,601318,13:44:18,48.3000,147,1
2026-06-29,601318,13:44:21,48.3000,114,1
2026-06-29,601318,13:44:24,48.3100,106,1
2026-06-29,601318,13:44:27,48.3100,125,2
2026-06-29,601318,13:44:30,48.3600,401,1
2026-06-29,601318,13:44:33,48.3600,70,1
2026-06-29,601318,13:44:36,48.3700,54,1
2026-06-29,601318,13:44:39,48.3900,1552,1
2026-06-29,601318,13:44:42,48.3900,115,2
2026-06-29,601318,13:44:45,48.4000,85,2
2026-06-29,601318,13:44:48,48.4000,33,2
2026-06-29,601318,13:44:51,48.4200,82,1
2026-06-29,601318,13:44:54,48.4200,18,1
2026-06-29,601318,13:44:57,48.4300,306,1
2026-06-29,601318,13:45:00,48.4400,59,1
2026-06-29,601318,13:45:03,48.4700,877,1
2026-06-29,601318,13:45:06,48.4600,347,2
2026-06-29,601318,13:45:09,48.4800,45,2
2026-06-29,601318,13:45:12,48.4900,156,1
2026-06-29,601318,13:45:15,48.4900,116,1
2026-06-29,601318,13:45:18,48.4800,209,2
2026-06-29,601318,13:45:21,48.4900,208,1
2026-06-29,601318,13:45:24,48.4800,40,4
2026-06-29,601318,13:45:27,48.4800,57,2
2026-06-29,601318,13:45:30,48.4900,133,1
2026-06-29,601318,13:45:33,48.4800,182,2
2026-06-29,601318,13:45:36,48.5000,827,1
2026-06-29,601318,13:45:39,48.5000,200,2
2026-06-29,601318,13:45:42,48.5100,128,2
2026-06-29,601318,13:45:45,48.5100,77,1
2026-06-29,601318,13:45:48,48.5100,38,1
2026-06-29,601318,13:45:51,48.5000,124,2
2026-06-29,601318,13:45:54,48.5300,635,1
2026-06-29,601318,13:45:57,48.5400,31,4
2026-06-29,601318,13:46:00,48.5400,61,2
2026-06-29,601318,13:46:03,48.5400,60,2
2026-06-29,601318,13:46:06,48.5400,18,2
2026-06-29,601318,13:46:09,48.5300,48,2
2026-06-29,601318,13:46:12,48.5200,54,2
2026-06-29,601318,13:46:15,48.5100,115,2
2026-06-29,601318,13:46:18,48.5000,81,2
2026-06-29,601318,13:46:21,48.5000,76,2
2026-06-29,601318,13:46:24,48.5000,57,2
2026-06-29,601318,13:46:27,48.5000,71,1
2026-06-29,601318,13:46:30,48.5000,11,1
2026-06-29,601318,13:46:33,48.5000,232,1
2026-06-29,601318,13:46:36,48.5000,167,1
2026-06-29,601318,13:46:39,48.5000,69,1
2026-06-29,601318,13:46:42,48.4800,51,2
2026-06-29,601318,13:46:45,48.4800,121,2
2026-06-29,601318,13:46:48,48.4800,39,1
2026-06-29,601318,13:46:51,48.4600,66,2
2026-06-29,601318,13:46:54,48.4600,53,2
2026-06-29,601318,13:46:57,48.4700,67,1
2026-06-29,601318,13:47:00,48.4700,106,1
2026-06-29,601318,13:47:03,48.4600,52,2
2026-06-29,601318,13:47:06,48.4600,40,2
2026-06-29,601318,13:47:09,48.4600,33,2
2026-06-29,601318,13:47:12,48.4600,176,2
2026-06-29,601318,13:47:15,48.4700,40,1
2026-06-29,601318,13:47:18,48.4700,203,1
2026-06-29,601318,13:47:21,48.4800,14,4
2026-06-29,601318,13:47:24,48.4800,51,2
2026-06-29,601318,13:47:27,48.4900,34,1
2026-06-29,601318,13:47:30,48.4800,76,2
2026-06-29,601318,13:47:33,48.4800,40,2
2026-06-29,601318,13:47:36,48.4700,46,2
2026-06-29,601318,13:47:39,48.4700,63,2
2026-06-29,601318,13:47:42,48.4700,2,2
2026-06-29,601318,13:47:45,48.4800,30,1
2026-06-29,601318,13:47:48,48.4800,830,1
2026-06-29,601318,13:47:51,48.4800,24,2
2026-06-29,601318,13:47:54,48.5000,46,1
2026-06-29,601318,13:47:57,48.5000,124,1
2026-06-29,601318,13:48:00,48.4900,35,2
2026-06-29,601318,13:48:03,48.4900,90,2
2026-06-29,601318,13:48:06,48.4900,163,1
2026-06-29,601318,13:48:09,48.4900,55,1
2026-06-29,601318,13:48:12,48.4800,40,2
2026-06-29,601318,13:48:15,48.4800,49,2
2026-06-29,601318,13:48:18,48.4800,92,2
2026-06-29,601318,13:48:21,48.4800,3,1
2026-06-29,601318,13:48:24,48.4700,14,2
2026-06-29,601318,13:48:27,48.4800,25,1
2026-06-29,601318,13:48:30,48.4700,65,2
2026-06-29,601318,13:48:33,48.4700,64,1
2026-06-29,601318,13:48:36,48.4700,55,2
2026-06-29,601318,13:48:39,48.4600,49,2
2026-06-29,601318,13:48:42,48.4400,175,2
2026-06-29,601318,13:48:45,48.4500,27,4
2026-06-29,601318,13:48:48,48.4400,61,2
2026-06-29,601318,13:48:51,48.4400,109,2
2026-06-29,601318,13:48:54,48.4400,4,1
2026-06-29,601318,13:48:57,48.4400,21,1
2026-06-29,601318,13:49:00,48.4300,76,2
2026-06-29,601318,13:49:03,48.4300,107,1
2026-06-29,601318,13:49:06,48.4300,90,2
2026-06-29,601318,13:49:09,48.4000,33,2
2026-06-29,601318,13:49:12,48.4200,46,1
2026-06-29,601318,13:49:15,48.4100,46,2
2026-06-29,601318,13:49:18,48.4100,118,2
2026-06-29,601318,13:49:21,48.4100,102,1
2026-06-29,601318,13:49:24,48.4100,45,1
2026-06-29,601318,13:49:27,48.4000,26,2
2026-06-29,601318,13:49:30,48.4200,454,1
2026-06-29,601318,13:49:33,48.4500,96,1
2026-06-29,601318,13:49:36,48.4500,30,1
2026-06-29,601318,13:49:39,48.4500,27,1
2026-06-29,601318,13:49:42,48.4500,17,2
2026-06-29,601318,13:49:45,48.4500,58,2
2026-06-29,601318,13:49:48,48.4500,66,1
2026-06-29,601318,13:49:51,48.4500,32,2
2026-06-29,601318,13:49:54,48.4500,36,2
2026-06-29,601318,13:49:57,48.4600,107,1
2026-06-29,601318,13:50:00,48.4600,20,1
2026-06-29,601318,13:50:03,48.4500,42,2
2026-06-29,601318,13:50:06,48.4500,184,2
2026-06-29,601318,13:50:09,48.4500,118,2
2026-06-29,601318,13:50:12,48.4700,154,1
2026-06-29,601318,13:50:15,48.4700,86,1
2026-06-29,601318,13:50:18,48.4700,115,1
2026-06-29,601318,13:50:21,48.4700,243,1
2026-06-29,601318,13:50:24,48.4700,139,1
2026-06-29,601318,13:50:27,48.4600,238,2
2026-06-29,601318,13:50:30,48.4500,169,2
2026-06-29,601318,13:50:33,48.4300,28,2
2026-06-29,601318,13:50:36,48.4300,14,2
2026-06-29,601318,13:50:39,48.4400,3,1
2026-06-29,601318,13:50:42,48.4300,79,2
2026-06-29,601318,13:50:45,48.4300,16,4
2026-06-29,601318,13:50:48,48.4400,79,2
2026-06-29,601318,13:50:51,48.4300,23,2
2026-06-29,601318,13:50:54,48.4400,22,1
2026-06-29,601318,13:50:57,48.4400,184,1
2026-06-29,601318,13:51:00,48.4400,59,1
2026-06-29,601318,13:51:03,48.4400,117,1
2026-06-29,601318,13:51:06,48.4400,11,2
2026-06-29,601318,13:51:09,48.4400,59,2
2026-06-29,601318,13:51:12,48.4400,14,1
2026-06-29,601318,13:51:15,48.4300,87,2
2026-06-29,601318,13:51:18,48.4400,238,1
2026-06-29,601318,13:51:21,48.4400,38,2
2026-06-29,601318,13:51:24,48.4500,29,4
2026-06-29,601318,13:51:27,48.4600,29,1
2026-06-29,601318,13:51:30,48.4400,356,2
2026-06-29,601318,13:51:33,48.4100,43,2
2026-06-29,601318,13:51:36,48.4200,27,4
2026-06-29,601318,13:51:39,48.4100,62,2
2026-06-29,601318,13:51:45,48.4300,36,1
2026-06-29,601318,13:51:48,48.4300,152,1
2026-06-29,601318,13:51:51,48.4400,624,1
2026-06-29,601318,13:51:54,48.4500,110,1
2026-06-29,601318,13:51:57,48.4700,34,1
2026-06-29,601318,13:52:00,48.4600,48,2
2026-06-29,601318,13:52:03,48.4700,54,1
2026-06-29,601318,13:52:06,48.4600,53,2
2026-06-29,601318,13:52:09,48.4600,29,2
2026-06-29,601318,13:52:12,48.4500,148,2
2026-06-29,601318,13:52:15,48.4300,64,2
2026-06-29,601318,13:52:18,48.4300,138,2
2026-06-29,601318,13:52:21,48.4200,64,2
2026-06-29,601318,13:52:24,48.4000,677,2
2026-06-29,601318,13:52:27,48.3900,95,2
2026-06-29,601318,13:52:30,48.3900,67,2
2026-06-29,601318,13:52:33,48.3900,33,2
2026-06-29,601318,13:52:36,48.3900,12,2
2026-06-29,601318,13:52:39,48.4000,13,1
2026-06-29,601318,13:52:42,48.3900,7,2
2026-06-29,601318,13:52:45,48.3900,63,2
2026-06-29,601318,13:52:48,48.3900,82,2
2026-06-29,601318,13:52:51,48.3900,67,2
2026-06-29,601318,13:52:54,48.3900,43,2
2026-06-29,601318,13:52:57,48.4000,36,1
2026-06-29,601318,13:53:00,48.3900,34,2
2026-06-29,601318,13:53:03,48.4000,125,1
2026-06-29,601318,13:53:06,48.4100,298,1
2026-06-29,601318,13:53:09,48.4200,93,1
2026-06-29,601318,13:53:12,48.4100,78,2
2026-06-29,601318,13:53:15,48.4100,112,2
2026-06-29,601318,13:53:18,48.4100,210,1
2026-06-29,601318,13:53:21,48.3800,381,2
2026-06-29,601318,13:53:24,48.3500,158,2
2026-06-29,601318,13:53:27,48.3300,66,2
2026-06-29,601318,13:53:30,48.3400,32,2
2026-06-29,601318,13:53:33,48.3700,134,1
2026-06-29,601318,13:53:36,48.3800,44,2
2026-06-29,601318,13:53:39,48.3700,103,2
2026-06-29,601318,13:53:42,48.3900,72,1
2026-06-29,601318,13:53:45,48.3800,279,4
2026-06-29,601318,13:53:48,48.3900,128,2
2026-06-29,601318,13:53:51,48.3800,46,2
2026-06-29,601318,13:53:54,48.3800,64,2
2026-06-29,601318,13:53:57,48.3900,56,1
2026-06-29,601318,13:54:00,48.3900,37,1
2026-06-29,601318,13:54:03,48.3900,25,2
2026-06-29,601318,13:54:06,48.4000,211,1
2026-06-29,601318,13:54:09,48.4200,38,1
2026-06-29,601318,13:54:12,48.4300,35,1
2026-06-29,601318,13:54:15,48.4400,27,1
2026-06-29,601318,13:54:18,48.4600,193,1
2026-06-29,601318,13:54:21,48.4600,317,1
2026-06-29,601318,13:54:24,48.4700,163,1
2026-06-29,601318,13:54:27,48.5000,370,1
2026-06-29,601318,13:54:30,48.5200,358,1
2026-06-29,601318,13:54:33,48.5200,58,1
2026-06-29,601318,13:54:36,48.5200,143,2
2026-06-29,601318,13:54:39,48.5300,80,1
2026-06-29,601318,13:54:42,48.5400,85,1
2026-06-29,601318,13:54:45,48.5400,573,2
2026-06-29,601318,13:54:48,48.6000,1344,1
2026-06-29,601318,13:54:51,48.6000,98,1
2026-06-29,601318,13:54:54,48.6000,35,1
2026-06-29,601318,13:54:57,48.6000,134,1
2026-06-29,601318,13:55:00,48.6000,105,1
2026-06-29,601318,13:55:03,48.6000,541,1
2026-06-29,601318,13:55:06,48.5800,208,4
2026-06-29,601318,13:55:09,48.5700,36,1
2026-06-29,601318,13:55:12,48.5700,98,4
2026-06-29,601318,13:55:15,48.5700,191,2
2026-06-29,601318,13:55:18,48.5600,106,2
2026-06-29,601318,13:55:21,48.5500,59,2
2026-06-29,601318,13:55:24,48.5400,35,4
2026-06-29,601318,13:55:27,48.5300,71,2
2026-06-29,601318,13:55:30,48.5300,53,4
2026-06-29,601318,13:55:33,48.5200,169,2
2026-06-29,601318,13:55:36,48.5100,22,2
2026-06-29,601318,13:55:39,48.5100,74,1
2026-06-29,601318,13:55:42,48.4900,51,2
2026-06-29,601318,13:55:45,48.5000,58,1
2026-06-29,601318,13:55:48,48.5100,31,1
2026-06-29,601318,13:55:51,48.4900,65,2
2026-06-29,601318,13:55:54,48.4900,4,2
2026-06-29,601318,13:55:57,48.5000,147,1
2026-06-29,601318,13:56:00,48.4800,66,2
2026-06-29,601318,13:56:03,48.4700,46,2
2026-06-29,601318,13:56:06,48.5000,595,1
2026-06-29,601318,13:56:09,48.5000,32,2
2026-06-29,601318,13:56:12,48.5100,135,1
2026-06-29,601318,13:56:15,48.5100,58,2
2026-06-29,601318,13:56:18,48.5100,98,2
2026-06-29,601318,13:56:21,48.5100,73,2
2026-06-29,601318,13:56:24,48.5200,27,1
2026-06-29,601318,13:56:27,48.5300,37,1
2026-06-29,601318,13:56:30,48.5100,172,2
2026-06-29,601318,13:56:33,48.5000,18,2
2026-06-29,601318,13:56:36,48.5000,83,2
2026-06-29,601318,13:56:39,48.5200,33,1
2026-06-29,601318,13:56:42,48.5000,73,2
2026-06-29,601318,13:56:45,48.5100,57,4
2026-06-29,601318,13:56:48,48.5100,41,2
2026-06-29,601318,13:56:51,48.5000,18,2
2026-06-29,601318,13:56:54,48.5100,144,1
2026-06-29,601318,13:56:57,48.5200,139,1
2026-06-29,601318,13:57:00,48.5200,59,1
2026-06-29,601318,13:57:03,48.5200,119,2
2026-06-29,601318,13:57:06,48.5500,187,1
2026-06-29,601318,13:57:09,48.5600,327,1
2026-06-29,601318,13:57:12,48.5700,354,1
2026-06-29,601318,13:57:15,48.5600,492,2
2026-06-29,601318,13:57:18,48.5700,49,4
2026-06-29,601318,13:57:21,48.5700,46,1
2026-06-29,601318,13:57:24,48.5700,45,1
2026-06-29,601318,13:57:27,48.5800,48,1
2026-06-29,601318,13:57:30,48.5700,16,2
2026-06-29,601318,13:57:33,48.5700,11,2
2026-06-29,601318,13:57:36,48.5800,123,1
2026-06-29,601318,13:57:39,48.5800,61,1
2026-06-29,601318,13:57:42,48.5900,6,1
2026-06-29,601318,13:57:45,48.5800,197,2
2026-06-29,601318,13:57:48,48.5800,173,2
2026-06-29,601318,13:57:51,48.5600,705,2
2026-06-29,601318,13:57:54,48.5600,370,1
2026-06-29,601318,13:57:57,48.5600,54,2
2026-06-29,601318,13:58:00,48.5700,448,1
2026-06-29,601318,13:58:03,48.6300,1609,1
2026-06-29,601318,13:58:06,48.6000,242,2
2026-06-29,601318,13:58:09,48.6300,48,1
2026-06-29,601318,13:58:12,48.6500,902,1
2026-06-29,601318,13:58:15,48.6500,393,2
2026-06-29,601318,13:58:18,48.6500,10,1
2026-06-29,601318,13:58:21,48.6400,64,2
2026-06-29,601318,13:58:24,48.6400,154,2
2026-06-29,601318,13:58:27,48.6400,230,2
2026-06-29,601318,13:58:30,48.6500,264,1
2026-06-29,601318,13:58:33,48.6600,89,4
2026-06-29,601318,13:58:36,48.6500,66,2
2026-06-29,601318,13:58:39,48.6500,83,2
2026-06-29,601318,13:58:42,48.6500,98,1
2026-06-29,601318,13:58:45,48.6500,117,1
2026-06-29,601318,13:58:48,48.6400,208,4
2026-06-29,601318,13:58:51,48.6400,106,1
2026-06-29,601318,13:58:54,48.6300,59,2
2026-06-29,601318,13:58:57,48.6300,667,2
2026-06-29,601318,13:59:00,48.6100,114,4
2026-06-29,601318,13:59:03,48.6800,1469,1
2026-06-29,601318,13:59:06,48.6700,218,2
2026-06-29,601318,13:59:09,48.6800,173,1
2026-06-29,601318,13:59:12,48.6700,89,2
2026-06-29,601318,13:59:15,48.6500,203,2
2026-06-29,601318,13:59:18,48.6600,102,2
2026-06-29,601318,13:59:21,48.6400,49,2
2026-06-29,601318,13:59:24,48.6400,59,1
2026-06-29,601318,13:59:27,48.6300,86,2
2026-06-29,601318,13:59:30,48.6400,78,1
2026-06-29,601318,13:59:33,48.6300,61,2
2026-06-29,601318,13:59:36,48.6300,46,1
2026-06-29,601318,13:59:39,48.6200,37,2
2026-06-29,601318,13:59:42,48.6100,186,2
2026-06-29,601318,13:59:45,48.6000,107,2
2026-06-29,601318,13:59:48,48.5900,3,2
2026-06-29,601318,13:59:51,48.5900,50,2
2026-06-29,601318,13:59:54,48.5800,40,2
2026-06-29,601318,13:59:57,48.5600,68,2
2026-06-29,601318,14:00:00,48.5700,70,1
2026-06-29,601318,14:00:03,48.5700,108,1
2026-06-29,601318,14:00:06,48.5900,81,1
2026-06-29,601318,14:00:09,48.5900,99,2
2026-06-29,601318,14:00:12,48.5900,122,1
2026-06-29,601318,14:00:15,48.6000,57,1
2026-06-29,601318,14:00:18,48.6000,83,1
2026-06-29,601318,14:00:21,48.6100,112,1
2026-06-29,601318,14:00:24,48.6000,324,2
2026-06-29,601318,14:00:27,48.6000,279,1
2026-06-29,601318,14:00:30,48.5900,44,2
2026-06-29,601318,14:00:33,48.5900,147,2
2026-06-29,601318,14:00:36,48.5800,82,2
2026-06-29,601318,14:00:39,48.5800,25,2
2026-06-29,601318,14:00:42,48.5900,71,1
2026-06-29,601318,14:00:45,48.5900,68,1
2026-06-29,601318,14:00:48,48.6000,44,1
2026-06-29,601318,14:00:51,48.6000,27,1
2026-06-29,601318,14:00:54,48.5900,79,2
2026-06-29,601318,14:00:57,48.5900,202,2
2026-06-29,601318,14:01:00,48.5800,185,2
2026-06-29,601318,14:01:03,48.5900,209,1
2026-06-29,601318,14:01:06,48.5900,147,2
2026-06-29,601318,14:01:09,48.5900,29,2
2026-06-29,601318,14:01:12,48.5900,165,1
2026-06-29,601318,14:01:15,48.5900,207,2
2026-06-29,601318,14:01:18,48.5900,275,2
2026-06-29,601318,14:01:21,48.6000,45,2
2026-06-29,601318,14:01:24,48.6000,162,2
2026-06-29,601318,14:01:27,48.6000,22,2
2026-06-29,601318,14:01:30,48.6000,136,2
2026-06-29,601318,14:01:33,48.5900,179,2
2026-06-29,601318,14:01:36,48.5900,10,1
2026-06-29,601318,14:01:39,48.5900,8,1
2026-06-29,601318,14:01:42,48.5900,140,1
2026-06-29,601318,14:01:45,48.6200,736,1
2026-06-29,601318,14:01:48,48.6100,303,2
2026-06-29,601318,14:01:51,48.6200,51,4
2026-06-29,601318,14:01:54,48.6100,110,2
2026-06-29,601318,14:01:57,48.6200,104,2
2026-06-29,601318,14:02:00,48.6200,45,1
2026-06-29,601318,14:02:03,48.6300,21,1
2026-06-29,601318,14:02:06,48.6300,20,1
2026-06-29,601318,14:02:09,48.6300,20,1
2026-06-29,601318,14:02:12,48.6200,37,2
2026-06-29,601318,14:02:15,48.6100,302,2
2026-06-29,601318,14:02:18,48.6100,64,4
2026-06-29,601318,14:02:21,48.6100,22,2
2026-06-29,601318,14:02:24,48.6000,78,2
2026-06-29,601318,14:02:27,48.6000,238,2
2026-06-29,601318,14:02:30,48.5800,101,2
2026-06-29,601318,14:02:33,48.5800,62,2
2026-06-29,601318,14:02:36,48.5600,19,2
2026-06-29,601318,14:02:39,48.5600,16,2
2026-06-29,601318,14:02:42,48.5700,56,1
2026-06-29,601318,14:02:45,48.5600,184,2
2026-06-29,601318,14:02:48,48.5700,310,1
2026-06-29,601318,14:02:51,48.5700,12,2
2026-06-29,601318,14:02:54,48.5700,21,2
2026-06-29,601318,14:02:57,48.5800,61,1
2026-06-29,601318,14:03:00,48.5800,58,1
2026-06-29,601318,14:03:03,48.5900,102,1
2026-06-29,601318,14:03:06,48.5900,107,2
2026-06-29,601318,14:03:09,48.5500,428,2
2026-06-29,601318,14:03:12,48.5200,27,2
2026-06-29,601318,14:03:15,48.5100,87,2
2026-06-29,601318,14:03:18,48.5100,98,2
2026-06-29,601318,14:03:21,48.5000,51,2
2026-06-29,601318,14:03:24,48.5000,63,2
2026-06-29,601318,14:03:27,48.5100,14,1
2026-06-29,601318,14:03:30,48.5000,55,2
2026-06-29,601318,14:03:33,48.5000,15,2
2026-06-29,601318,14:03:36,48.5000,18,2
2026-06-29,601318,14:03:39,48.5100,131,1
2026-06-29,601318,14:03:42,48.5100,46,2
2026-06-29,601318,14:03:45,48.5300,78,1
2026-06-29,601318,14:03:48,48.5200,72,2
2026-06-29,601318,14:03:51,48.5400,153,1
2026-06-29,601318,14:03:54,48.5400,42,4
2026-06-29,601318,14:03:57,48.5500,151,1
2026-06-29,601318,14:04:00,48.5700,807,1
2026-06-29,601318,14:04:03,48.5700,114,2
2026-06-29,601318,14:04:06,48.5600,25,2
2026-06-29,601318,14:04:09,48.5500,213,2
2026-06-29,601318,14:04:12,48.5100,86,2
2026-06-29,601318,14:04:15,48.5400,5,1
2026-06-29,601318,14:04:18,48.5300,52,2
2026-06-29,601318,14:04:21,48.5400,7,1
2026-06-29,601318,14:04:24,48.5400,125,1
2026-06-29,601318,14:04:27,48.5400,101,1
2026-06-29,601318,14:04:30,48.5400,123,1
2026-06-29,601318,14:04:33,48.5300,106,2
2026-06-29,601318,14:04:36,48.5300,18,1
2026-06-29,601318,14:04:39,48.5200,34,2
2026-06-29,601318,14:04:42,48.5200,67,2
2026-06-29,601318,14:04:45,48.5200,36,2
2026-06-29,601318,14:04:48,48.5300,28,2
2026-06-29,601318,14:04:51,48.5300,35,2
2026-06-29,601318,14:04:54,48.5400,23,1
2026-06-29,601318,14:04:57,48.5400,73,1
2026-06-29,601318,14:05:00,48.5400,32,1
2026-06-29,601318,14:05:03,48.5300,73,2
2026-06-29,601318,14:05:06,48.5300,39,2
2026-06-29,601318,14:05:09,48.5300,257,2
2026-06-29,601318,14:05:12,48.5500,161,1
2026-06-29,601318,14:05:15,48.5500,83,2
2026-06-29,601318,14:05:18,48.5600,26,1
2026-06-29,601318,14:05:21,48.5500,71,2
2026-06-29,601318,14:05:24,48.5500,39,1
2026-06-29,601318,14:05:27,48.5600,58,1
2026-06-29,601318,14:05:30,48.5500,36,2
2026-06-29,601318,14:05:33,48.5500,74,2
2026-06-29,601318,14:05:36,48.5400,61,2
2026-06-29,601318,14:05:39,48.5500,69,2
2026-06-29,601318,14:05:42,48.5500,50,1
2026-06-29,601318,14:05:45,48.5500,67,1
2026-06-29,601318,14:05:48,48.5500,24,2
2026-06-29,601318,14:05:51,48.5500,59,2
2026-06-29,601318,14:05:54,48.5400,68,2
2026-06-29,601318,14:05:57,48.5500,15,1
2026-06-29,601318,14:06:00,48.5400,110,2
2026-06-29,601318,14:06:03,48.5400,133,2
2026-06-29,601318,14:06:06,48.5400,37,2
2026-06-29,601318,14:06:09,48.5400,108,2
2026-06-29,601318,14:06:12,48.5500,42,1
2026-06-29,601318,14:06:15,48.5400,29,2
2026-06-29,601318,14:06:18,48.5500,22,1
2026-06-29,601318,14:06:21,48.5600,374,1
2026-06-29,601318,14:06:24,48.5500,434,2
2026-06-29,601318,14:06:27,48.5700,58,1
2026-06-29,601318,14:06:30,48.5800,180,1
2026-06-29,601318,14:06:33,48.5800,71,2
2026-06-29,601318,14:06:36,48.5800,72,2
2026-06-29,601318,14:06:39,48.5800,103,2
2026-06-29,601318,14:06:42,48.5800,200,2
2026-06-29,601318,14:06:45,48.5800,111,2
2026-06-29,601318,14:06:48,48.5600,80,2
2026-06-29,601318,14:06:51,48.5500,57,2
2026-06-29,601318,14:06:54,48.5600,13,1
2026-06-29,601318,14:06:57,48.5600,51,1
2026-06-29,601318,14:07:00,48.5700,54,4
2026-06-29,601318,14:07:03,48.5300,286,2
2026-06-29,601318,10:57:03,48.3100,815,1
2026-06-29,601318,10:57:06,48.3200,303,1
2026-06-29,601318,10:57:09,48.3200,118,1
2026-06-29,601318,10:57:12,48.3200,85,2
2026-06-29,601318,10:57:15,48.3300,70,1
2026-06-29,601318,10:57:18,48.3200,121,2
2026-06-29,601318,10:57:21,48.3300,170,1
2026-06-29,601318,10:57:24,48.3300,65,2
2026-06-29,601318,10:57:27,48.3200,587,2
2026-06-29,601318,10:57:30,48.3100,83,2
2026-06-29,601318,10:57:33,48.3200,38,1
2026-06-29,601318,10:57:36,48.3000,347,2
2026-06-29,601318,10:57:39,48.3300,201,1
2026-06-29,601318,10:57:42,48.2900,101,2
2026-06-29,601318,10:57:45,48.2900,69,2
2026-06-29,601318,10:57:48,48.3000,228,1
2026-06-29,601318,10:57:51,48.3100,186,1
2026-06-29,601318,10:57:54,48.3200,281,1
2026-06-29,601318,10:57:57,48.3500,517,1
2026-06-29,601318,10:58:00,48.3700,145,1
2026-06-29,601318,10:58:03,48.3600,33,2
2026-06-29,601318,10:58:06,48.3800,320,1
2026-06-29,601318,10:58:09,48.3700,86,2
2026-06-29,601318,10:58:12,48.3800,255,2
2026-06-29,601318,10:58:15,48.3900,50,1
2026-06-29,601318,10:58:18,48.3900,345,1
2026-06-29,601318,10:58:21,48.3900,78,2
2026-06-29,601318,10:58:24,48.4100,64,1
2026-06-29,601318,10:58:27,48.4100,231,1
2026-06-29,601318,10:58:30,48.4100,511,2
2026-06-29,601318,10:58:33,48.4200,42,2
2026-06-29,601318,10:58:36,48.4200,42,2
2026-06-29,601318,10:58:39,48.4500,116,1
2026-06-29,601318,10:58:42,48.4200,23,2
2026-06-29,601318,10:58:45,48.4300,329,1
2026-06-29,601318,10:58:48,48.4400,177,1
2026-06-29,601318,10:58:51,48.4200,72,2
2026-06-29,601318,10:58:54,48.4900,670,1
2026-06-29,601318,10:58:57,48.4900,470,1
2026-06-29,601318,10:59:00,48.5000,37,4
2026-06-29,601318,10:59:03,48.5000,81,2
2026-06-29,601318,10:59:06,48.5000,49,1
2026-06-29,601318,10:59:09,48.4900,143,2
2026-06-29,601318,10:59:12,48.4900,198,2
2026-06-29,601318,10:59:15,48.4900,16,2
2026-06-29,601318,10:59:18,48.4900,40,2
2026-06-29,601318,10:59:21,48.4800,156,2
2026-06-29,601318,10:59:24,48.4700,80,4
2026-06-29,601318,10:59:27,48.4500,53,2
2026-06-29,601318,10:59:30,48.4900,141,1
2026-06-29,601318,10:59:33,48.4800,189,1
2026-06-29,601318,10:59:36,48.4800,91,2
2026-06-29,601318,10:59:39,48.5000,130,1
2026-06-29,601318,10:59:42,48.5400,936,1
2026-06-29,601318,10:59:45,48.5500,408,1
2026-06-29,601318,10:59:48,48.5400,61,2
2026-06-29,601318,10:59:51,48.5500,385,1
2026-06-29,601318,10:59:54,48.5500,35,1
2026-06-29,601318,10:59:57,48.5500,38,2
2026-06-29,601318,11:00:00,48.5600,61,1
2026-06-29,601318,11:00:03,48.5500,91,2
2026-06-29,601318,11:00:06,48.5500,22,2
2026-06-29,601318,11:00:09,48.5500,136,2
2026-06-29,601318,11:00:12,48.5300,17,2
2026-06-29,601318,11:00:15,48.5200,93,2
2026-06-29,601318,11:00:18,48.5100,59,1
2026-06-29,601318,11:00:21,48.5300,123,1
2026-06-29,601318,11:00:24,48.5300,225,1
2026-06-29,601318,11:00:27,48.5200,148,2
2026-06-29,601318,11:00:30,48.5400,33,1
2026-06-29,601318,11:00:33,48.5300,120,1
2026-06-29,601318,11:00:36,48.5400,218,1
2026-06-29,601318,11:00:39,48.5500,65,1
2026-06-29,601318,11:00:42,48.5300,126,2
2026-06-29,601318,11:00:45,48.5400,14,2
2026-06-29,601318,11:00:48,48.5500,85,1
2026-06-29,601318,11:00:51,48.5300,293,2
2026-06-29,601318,11:00:54,48.5300,96,2
2026-06-29,601318,11:00:57,48.5400,138,1
2026-06-29,601318,11:01:00,48.5700,415,1
2026-06-29,601318,11:01:03,48.6100,1086,1
2026-06-29,601318,11:01:06,48.5900,261,2
2026-06-29,601318,11:01:09,48.6000,48,1
2026-06-29,601318,11:01:12,48.6000,70,1
2026-06-29,601318,11:01:15,48.5900,42,2
2026-06-29,601318,11:01:18,48.5900,31,1
2026-06-29,601318,11:01:21,48.5800,31,2
2026-06-29,601318,11:01:24,48.5900,44,1
2026-06-29,601318,11:01:27,48.5900,21,1
2026-06-29,601318,11:01:30,48.5800,61,2
2026-06-29,601318,11:01:33,48.5900,90,1
2026-06-29,601318,11:01:36,48.5900,541,2
2026-06-29,601318,11:01:39,48.5900,29,1
2026-06-29,601318,11:01:42,48.5900,34,1
2026-06-29,601318,11:01:48,48.5500,229,2
2026-06-29,601318,11:01:51,48.5400,195,1
2026-06-29,601318,11:01:54,48.5200,111,2
2026-06-29,601318,11:01:57,48.4800,348,2
2026-06-29,601318,11:02:00,48.6100,2872,1
2026-06-29,601318,11:02:03,48.6300,269,1
2026-06-29,601318,11:02:06,48.6500,309,1
2026-06-29,601318,11:02:09,48.6400,64,2
2026-06-29,601318,11:02:12,48.6400,24,4
2026-06-29,601318,11:02:15,48.6500,567,1
2026-06-29,601318,11:02:18,48.6600,1138,1
2026-06-29,601318,11:02:21,48.6900,463,1
2026-06-29,601318,11:02:24,48.7000,1811,1
2026-06-29,601318,11:02:27,48.7000,4880,1
2026-06-29,601318,11:02:30,48.6800,61,2
2026-06-29,601318,11:02:33,48.7000,245,1
2026-06-29,601318,11:02:36,48.6700,200,2
2026-06-29,601318,11:02:39,48.6300,294,2
2026-06-29,601318,11:02:42,48.6500,156,1
2026-06-29,601318,11:02:45,48.6000,158,2
2026-06-29,601318,11:02:48,48.6000,135,1
2026-06-29,601318,11:02:51,48.6100,421,1
2026-06-29,601318,11:02:54,48.5800,49,2
2026-06-29,601318,11:02:57,48.6000,59,1
2026-06-29,601318,11:03:00,48.6000,146,2
2026-06-29,601318,11:03:03,48.5700,1317,2
2026-06-29,601318,11:03:06,48.6100,254,1
2026-06-29,601318,11:03:09,48.6000,30,1
2026-06-29,601318,11:03:12,48.6100,118,1
2026-06-29,601318,11:03:15,48.6300,98,1
2026-06-29,601318,11:03:18,48.6300,85,1
2026-06-29,601318,11:03:21,48.6300,80,1
2026-06-29,601318,11:03:24,48.6300,33,2
2026-06-29,601318,11:03:27,48.6300,322,2
2026-06-29,601318,11:03:30,48.6200,156,2
2026-06-29,601318,11:03:33,48.6200,40,1
2026-06-29,601318,11:03:36,48.6200,50,2
2026-06-29,601318,11:03:39,48.6100,70,2
2026-06-29,601318,11:03:42,48.6200,125,1
2026-06-29,601318,11:03:45,48.6200,52,1
2026-06-29,601318,11:03:48,48.6100,249,2
2026-06-29,601318,11:03:51,48.6100,41,2
2026-06-29,601318,11:03:54,48.6100,38,1
2026-06-29,601318,11:03:57,48.6200,52,1
2026-06-29,601318,11:04:00,48.6000,335,2
2026-06-29,601318,11:04:03,48.5400,211,2
2026-06-29,601318,11:04:06,48.5200,189,2
2026-06-29,601318,11:04:09,48.4900,164,2
2026-06-29,601318,11:04:12,48.5200,54,1
2026-06-29,601318,11:04:15,48.6000,179,1
2026-06-29,601318,11:04:18,48.6000,89,1
2026-06-29,601318,11:04:21,48.6000,159,1
2026-06-29,601318,11:04:24,48.6000,85,1
2026-06-29,601318,11:04:27,48.5700,106,2
2026-06-29,601318,11:04:30,48.5800,42,1
2026-06-29,601318,11:04:33,48.5700,236,2
2026-06-29,601318,11:04:36,48.5800,88,1
2026-06-29,601318,11:04:39,48.5900,22,1
2026-06-29,601318,11:04:42,48.5800,161,2
2026-06-29,601318,11:04:45,48.5800,83,2
2026-06-29,601318,11:04:48,48.5900,142,1
2026-06-29,601318,11:04:51,48.5800,141,2
2026-06-29,601318,11:04:54,48.5800,77,2
2026-06-29,601318,11:04:57,48.5800,18,1
2026-06-29,601318,11:05:00,48.5800,1170,1
2026-06-29,601318,11:05:03,48.6000,79,1
2026-06-29,601318,11:05:06,48.6200,264,1
2026-06-29,601318,11:05:09,48.6100,45,2
2026-06-29,601318,11:05:12,48.6100,126,2
2026-06-29,601318,11:05:15,48.6100,108,1
2026-06-29,601318,11:05:18,48.6000,87,2
2026-06-29,601318,11:05:21,48.5900,3,2
2026-06-29,601318,11:05:24,48.6000,61,1
2026-06-29,601318,11:05:27,48.6000,255,1
2026-06-29,601318,11:05:30,48.5700,61,2
2026-06-29,601318,11:05:33,48.5400,201,2
2026-06-29,601318,11:05:36,48.5200,62,4
2026-06-29,601318,11:05:39,48.4900,165,2
2026-06-29,601318,11:05:42,48.5000,36,2
2026-06-29,601318,11:05:45,48.5000,32,2
2026-06-29,601318,11:05:48,48.5700,259,1
2026-06-29,601318,11:05:51,48.5100,32,2
2026-06-29,601318,11:05:54,48.5100,65,2
2026-06-29,601318,11:05:57,48.5100,87,2
2026-06-29,601318,11:06:00,48.5100,9,2
2026-06-29,601318,11:06:03,48.5200,123,1
2026-06-29,601318,11:06:06,48.5100,122,2
2026-06-29,601318,11:06:09,48.5100,126,2
2026-06-29,601318,11:06:12,48.4700,134,2
2026-06-29,601318,11:06:15,48.4800,2,4
2026-06-29,601318,11:06:18,48.4800,77,1
2026-06-29,601318,11:06:21,48.4900,29,1
2026-06-29,601318,11:06:24,48.4800,154,2
2026-06-29,601318,11:06:27,48.4800,75,2
2026-06-29,601318,11:06:30,48.4700,150,2
2026-06-29,601318,11:06:33,48.4700,83,2
2026-06-29,601318,11:06:36,48.4700,22,2
2026-06-29,601318,11:06:39,48.4700,71,2
2026-06-29,601318,11:06:42,48.4600,98,2
2026-06-29,601318,11:06:45,48.4300,35,2
2026-06-29,601318,11:06:48,48.4200,103,2
2026-06-29,601318,11:06:51,48.4200,32,2
2026-06-29,601318,11:06:54,48.4300,13,1
2026-06-29,601318,11:06:57,48.4200,37,2
2026-06-29,601318,11:07:00,48.4200,67,2
2026-06-29,601318,11:07:03,48.4200,69,2
2026-06-29,601318,11:07:06,48.4300,240,1
2026-06-29,601318,11:07:09,48.4200,97,2
2026-06-29,601318,11:07:12,48.4300,25,1
2026-06-29,601318,11:07:15,48.4300,2,2
2026-06-29,601318,11:07:18,48.4300,8,2
2026-06-29,601318,11:07:21,48.4400,42,1
2026-06-29,601318,11:07:24,48.4400,26,1
2026-06-29,601318,11:07:27,48.4400,52,1
2026-06-29,601318,11:07:30,48.4300,27,2
2026-06-29,601318,11:07:33,48.4600,33,1
2026-06-29,601318,11:07:36,48.4800,99,1
2026-06-29,601318,11:07:39,48.5100,457,1
2026-06-29,601318,11:07:42,48.5500,253,1
2026-06-29,601318,11:07:45,48.5600,28,1
2026-06-29,601318,11:07:48,48.5600,25,1
2026-06-29,601318,11:07:51,48.5500,105,2
2026-06-29,601318,11:07:54,48.5600,107,1
2026-06-29,601318,11:07:57,48.5400,68,2
2026-06-29,601318,11:08:00,48.5600,24,2
2026-06-29,601318,11:08:03,48.5600,22,1
2026-06-29,601318,11:08:06,48.5700,20,1
2026-06-29,601318,11:08:09,48.5700,75,1
2026-06-29,601318,11:08:12,48.5700,44,2
2026-06-29,601318,11:08:15,48.5700,82,2
2026-06-29,601318,11:08:18,48.5700,18,2
2026-06-29,601318,11:08:21,48.5700,156,2
2026-06-29,601318,11:08:24,48.5700,66,1
2026-06-29,601318,11:08:27,48.5600,21,2
2026-06-29,601318,11:08:30,48.5700,53,1
2026-06-29,601318,11:08:33,48.5700,147,1
2026-06-29,601318,11:08:36,48.5800,24,1
2026-06-29,601318,11:08:39,48.5800,115,2
2026-06-29,601318,11:08:42,48.5700,25,2
2026-06-29,601318,11:08:45,48.5600,198,2
2026-06-29,601318,11:08:48,48.5600,149,2
2026-06-29,601318,11:08:51,48.5600,61,2
2026-06-29,601318,11:08:54,48.5600,29,2
2026-06-29,601318,11:08:57,48.5500,87,2
2026-06-29,601318,11:09:00,48.5600,42,1
2026-06-29,601318,11:09:03,48.5600,181,1
2026-06-29,601318,11:09:06,48.5800,177,1
2026-06-29,601318,11:09:09,48.5800,111,1
2026-06-29,601318,11:09:12,48.5800,10,1
2026-06-29,601318,11:09:15,48.5800,351,1
2026-06-29,601318,11:09:18,48.6300,866,1
2026-06-29,601318,11:09:21,48.6300,207,1
2026-06-29,601318,11:09:24,48.6400,96,1
2026-06-29,601318,11:09:27,48.6400,123,1
2026-06-29,601318,11:09:30,48.6400,98,1
2026-06-29,601318,11:09:33,48.6400,144,2
2026-06-29,601318,11:09:36,48.6400,150,2
2026-06-29,601318,11:09:39,48.6400,23,1
2026-06-29,601318,11:09:42,48.6400,65,2
2026-06-29,601318,11:09:45,48.6400,41,2
2026-06-29,601318,11:09:48,48.6300,249,2
2026-06-29,601318,11:09:51,48.6200,39,2
2026-06-29,601318,11:09:54,48.6000,157,2
2026-06-29,601318,11:09:57,48.6100,27,1
2026-06-29,601318,11:10:00,48.6100,32,1
2026-06-29,601318,11:10:03,48.6100,220,1
2026-06-29,601318,11:10:06,48.5900,12,2
2026-06-29,601318,11:10:09,48.6000,83,1
2026-06-29,601318,11:10:12,48.5900,8,2
2026-06-29,601318,11:10:15,48.5900,15,2
2026-06-29,601318,11:10:18,48.6100,416,1
2026-06-29,601318,11:10:21,48.6100,171,1
2026-06-29,601318,11:10:24,48.6200,132,1
2026-06-29,601318,11:10:27,48.6300,143,1
2026-06-29,601318,11:10:30,48.6400,65,1
2026-06-29,601318,11:10:33,48.6400,122,1
2026-06-29,601318,11:10:36,48.6300,31,2
2026-06-29,601318,11:10:39,48.6300,62,1
2026-06-29,601318,11:10:42,48.6300,61,1
2026-06-29,601318,11:10:45,48.6300,38,1
2026-06-29,601318,11:10:48,48.6300,47,1
2026-06-29,601318,11:10:51,48.6300,190,1
2026-06-29,601318,11:10:54,48.6300,314,2
2026-06-29,601318,11:10:57,48.6500,670,1
2026-06-29,601318,11:11:00,48.6700,462,1
2026-06-29,601318,11:11:03,48.6700,227,2
2026-06-29,601318,11:11:06,48.6700,132,2
2026-06-29,601318,11:11:09,48.6700,117,2
2026-06-29,601318,11:11:12,48.6700,24,1
2026-06-29,601318,11:11:15,48.6600,51,2
2026-06-29,601318,11:11:18,48.6600,83,1
2026-06-29,601318,11:11:21,48.6400,44,2
2026-06-29,601318,11:11:24,48.6400,181,2
2026-06-29,601318,11:11:27,48.6300,15,1
2026-06-29,601318,11:11:30,48.6200,64,2
2026-06-29,601318,11:11:33,48.6200,79,1
2026-06-29,601318,11:11:36,48.6200,51,1
2026-06-29,601318,11:11:39,48.6200,12,1
2026-06-29,601318,11:11:42,48.6100,25,1
2026-06-29,601318,11:11:45,48.6300,97,1
2026-06-29,601318,11:11:48,48.6200,40,2
2026-06-29,601318,11:11:51,48.6200,56,2
2026-06-29,601318,11:11:54,48.6300,307,1
2026-06-29,601318,11:11:57,48.6300,40,2
2026-06-29,601318,11:12:00,48.6500,170,1
2026-06-29,601318,11:12:03,48.6300,71,2
2026-06-29,601318,11:12:06,48.6300,59,2
2026-06-29,601318,11:12:09,48.6300,99,2
2026-06-29,601318,11:12:12,48.6200,103,2
2026-06-29,601318,11:12:15,48.6200,21,2
2026-06-29,601318,11:12:18,48.6200,28,2
2026-06-29,601318,11:12:21,48.6200,110,2
2026-06-29,601318,11:12:24,48.6200,58,2
2026-06-29,601318,11:12:27,48.6200,166,2
2026-06-29,601318,11:12:30,48.6200,90,2
2026-06-29,601318,11:12:33,48.6200,203,2
2026-06-29,601318,11:12:36,48.6400,69,1
2026-06-29,601318,11:12:39,48.6400,83,1
2026-06-29,601318,11:12:42,48.6300,63,2
2026-06-29,601318,11:12:45,48.6400,73,2
2026-06-29,601318,11:12:48,48.6400,109,2
2026-06-29,601318,11:12:51,48.6400,46,2
2026-06-29,601318,11:12:54,48.6300,124,2
2026-06-29,601318,11:12:57,48.6300,50,2
2026-06-29,601318,11:13:00,48.6400,91,1
2026-06-29,601318,11:13:03,48.6300,175,2
2026-06-29,601318,11:13:06,48.6300,41,1
2026-06-29,601318,11:13:09,48.6300,121,1
2026-06-29,601318,11:13:12,48.6400,265,1
2026-06-29,601318,11:13:15,48.6500,438,1
2026-06-29,601318,11:13:18,48.6500,51,2
2026-06-29,601318,11:13:21,48.6600,197,1
2026-06-29,601318,11:13:24,48.6500,115,2
2026-06-29,601318,11:13:27,48.6600,172,1
2026-06-29,601318,11:13:30,48.6500,61,2
2026-06-29,601318,11:13:33,48.6400,15,2
2026-06-29,601318,11:13:36,48.6400,24,2
2026-06-29,601318,11:13:39,48.6400,76,2
2026-06-29,601318,11:13:42,48.6000,230,2
2026-06-29,601318,11:13:45,48.6000,143,2
2026-06-29,601318,11:13:48,48.6000,14,2
2026-06-29,601318,11:13:51,48.5800,94,2
2026-06-29,601318,11:13:54,48.5900,50,4
2026-06-29,601318,11:13:57,48.5800,9,2
2026-06-29,601318,11:14:00,48.5800,60,2
2026-06-29,601318,11:14:03,48.5700,83,2
2026-06-29,601318,11:14:06,48.5600,89,2
2026-06-29,601318,11:14:09,48.5600,29,2
2026-06-29,601318,11:14:12,48.5500,17,2
2026-06-29,601318,11:14:15,48.5500,23,1
2026-06-29,601318,11:14:18,48.5500,32,1
2026-06-29,601318,11:14:21,48.5500,73,1
2026-06-29,601318,11:14:24,48.5500,103,1
2026-06-29,601318,11:14:27,48.5500,90,1
2026-06-29,601318,11:14:30,48.5600,23,1
2026-06-29,601318,11:14:33,48.5300,194,2
2026-06-29,601318,11:14:36,48.5300,1,1
2026-06-29,601318,11:14:39,48.5300,113,1
2026-06-29,601318,11:14:42,48.5200,94,2
2026-06-29,601318,11:14:45,48.5200,11,1
2026-06-29,601318,11:14:48,48.5300,197,1
2026-06-29,601318,11:14:51,48.5300,31,2
2026-06-29,601318,11:14:54,48.5400,69,1
2026-06-29,601318,11:14:57,48.5500,38,1
2026-06-29,601318,11:15:00,48.5400,48,2
2026-06-29,601318,11:15:03,48.5400,37,2
2026-06-29,601318,11:15:06,48.5400,41,1
2026-06-29,601318,11:15:09,48.5000,140,2
2026-06-29,601318,11:15:12,48.4900,21,2
2026-06-29,601318,11:15:15,48.4900,82,2
2026-06-29,601318,11:15:18,48.4900,33,2
2026-06-29,601318,11:15:21,48.4900,22,2
2026-06-29,601318,11:15:24,48.4900,100,2
2026-06-29,601318,11:15:27,48.4800,177,2
2026-06-29,601318,11:15:30,48.4700,19,1
2026-06-29,601318,11:15:33,48.4600,48,2
2026-06-29,601318,11:15:36,48.4700,46,1
2026-06-29,601318,11:15:39,48.4700,58,1
2026-06-29,601318,11:15:42,48.4600,14,2
2026-06-29,601318,11:15:45,48.4600,51,2
2026-06-29,601318,11:15:48,48.4500,179,2
2026-06-29,601318,11:15:51,48.4500,54,2
2026-06-29,601318,11:15:54,48.4600,59,1
2026-06-29,601318,11:15:57,48.4600,84,1
2026-06-29,601318,11:16:00,48.4600,15,1
2026-06-29,601318,11:16:03,48.4600,8,1
2026-06-29,601318,11:16:06,48.4600,221,1
2026-06-29,601318,11:16:09,48.4600,86,1
2026-06-29,601318,11:16:12,48.4600,41,4
2026-06-29,601318,11:16:15,48.4500,94,2
2026-06-29,601318,11:16:18,48.4600,107,4
2026-06-29,601318,11:16:21,48.4500,25,2
2026-06-29,601318,11:16:24,48.4600,116,1
2026-06-29,601318,11:16:27,48.4500,32,2
2026-06-29,601318,11:16:30,48.4700,41,1
2026-06-29,601318,11:16:33,48.4600,61,2
2026-06-29,601318,11:16:36,48.4600,11,2
2026-06-29,601318,11:16:39,48.4700,27,1
2026-06-29,601318,11:16:42,48.4700,22,1
2026-06-29,601318,11:16:45,48.4700,68,1
2026-06-29,601318,11:16:48,48.4800,41,1
2026-06-29,601318,11:16:51,48.4700,33,2
2026-06-29,601318,11:16:54,48.4900,40,1
2026-06-29,601318,11:16:57,48.4800,30,2
2026-06-29,601318,11:17:00,48.4900,46,1
2026-06-29,601318,11:17:03,48.4800,177,2
2026-06-29,601318,11:17:06,48.5000,22,1
2026-06-29,601318,11:17:09,48.5000,10,1
2026-06-29,601318,11:17:12,48.4900,281,2
2026-06-29,601318,11:17:15,48.4700,53,2
2026-06-29,601318,11:17:18,48.4700,62,2
2026-06-29,601318,11:17:21,48.4700,129,2
2026-06-29,601318,11:17:24,48.4700,51,1
2026-06-29,601318,11:17:27,48.4600,75,2
2026-06-29,601318,11:17:30,48.4700,174,1
2026-06-29,601318,11:17:33,48.4700,230,1
2026-06-29,601318,11:17:36,48.4700,43,1
2026-06-29,601318,11:17:39,48.4600,148,1
2026-06-29,601318,11:17:42,48.4600,18,2
2026-06-29,601318,11:17:45,48.4600,20,1
