date,code,time,price,volume,bs
2026-03-03,600519,14:04:34,1425.5000,3,2
2026-03-03,600519,14:04:36,1425.9000,1,2
2026-03-03,600519,14:04:39,1426.0000,6,1
2026-03-03,600519,14:04:42,1425.9000,2,2
2026-03-03,600519,14:04:45,1426.1100,20,1
2026-03-03,600519,14:04:48,1426.6100,8,1
2026-03-03,600519,14:04:51,1426.9800,4,1
2026-03-03,600519,14:04:54,1426.9800,9,2
2026-03-03,600519,14:04:57,1426.9900,1,4
2026-03-03,600519,14:05:00,1426.9800,10,2
2026-03-03,600519,14:05:03,1426.9800,5,1
2026-03-03,600519,14:05:06,1426.9700,7,4
2026-03-03,600519,14:05:10,1426.9900,19,1
2026-03-03,600519,14:05:12,1426.9900,13,1
2026-03-03,600519,14:05:15,1426.9900,1,2
2026-03-03,600519,14:05:18,1427.0000,5,1
2026-03-03,600519,14:05:21,1426.9399,33,2
2026-03-03,600519,14:05:25,1426.8600,16,1
2026-03-03,600519,14:05:27,1426.5800,3,1
2026-03-03,600519,14:05:30,1426.2100,61,2
2026-03-03,600519,14:05:33,1426.1899,5,1
2026-03-03,600519,14:05:36,1425.5000,59,2
2026-03-03,600519,14:05:39,1425.9800,18,1
2026-03-03,600519,14:05:42,1425.9800,6,2
2026-03-03,600519,14:05:45,1426.5800,11,1
2026-03-03,600519,14:05:48,1426.7600,14,1
2026-03-03,600519,14:05:51,1426.9000,18,1
2026-03-03,600519,14:05:55,1427.1500,7,1
2026-03-03,600519,14:05:57,1426.8500,10,2
2026-03-03,600519,14:06:03,1427.2200,7,1
2026-03-03,600519,14:06:06,1427.2100,3,1
2026-03-03,600519,14:06:09,1427.1801,4,1
2026-03-03,600519,14:06:12,1427.2000,5,1
2026-03-03,600519,14:06:15,1427.1801,9,1
2026-03-03,600519,14:06:18,1427.2100,3,1
2026-03-03,600519,14:06:21,1427.2800,9,1
2026-03-03,600519,14:06:25,1427.6400,5,1
2026-03-03,600519,14:06:27,1427.6700,5,2
2026-03-03,600519,14:06:30,1428.2000,12,1
2026-03-03,600519,14:06:33,1428.4600,4,1
2026-03-03,600519,14:06:36,1430.0000,21,1
2026-03-03,600519,14:06:39,1429.9800,18,1
2026-03-03,600519,14:06:45,1429.9500,12,1
2026-03-03,600519,14:06:48,1429.8900,3,1
2026-03-03,600519,14:06:51,1429.8900,23,1
2026-03-03,600519,14:06:55,1429.8900,4,1
2026-03-03,600519,14:06:57,1429.0601,24,2
2026-03-03,600519,14:07:00,1429.0100,32,2
2026-03-03,600519,14:07:03,1427.2900,13,2
2026-03-03,600519,14:07:06,1428.9700,2,1
2026-03-03,600519,14:07:09,1428.9700,2,1
2026-03-03,600519,14:07:15,1428.9399,6,1
2026-03-03,600519,14:07:18,1428.9399,1,1
2026-03-03,600519,14:07:21,1428.9500,2,1
2026-03-03,600519,14:07:24,1428.9399,3,1
2026-03-03,600519,14:07:27,1428.1801,7,2
2026-03-03,600519,14:07:31,1428.0900,4,1
2026-03-03,600519,14:07:33,1428.1000,6,1
2026-03-03,600519,14:07:36,1428.9500,23,1
2026-03-03,600519,14:07:39,1428.1500,5,2
2026-03-03,600519,14:07:42,1428.1200,5,2
2026-03-03,600519,14:07:45,1428.1700,2,2
2026-03-03,600519,14:07:51,1428.1000,39,2
2026-03-03,600519,14:07:54,1428.1000,11,2
2026-03-03,600519,14:07:57,1429.2700,1,1
2026-03-03,600519,14:08:00,1428.2800,2,2
2026-03-03,600519,14:08:03,1428.1000,4,2
2026-03-03,600519,14:08:07,1427.9900,12,2
2026-03-03,600519,14:08:09,1428.0000,10,1
2026-03-03,600519,14:08:12,1428.0000,2,1
2026-03-03,600519,14:08:15,1427.5200,3,2
2026-03-03,600519,14:08:19,1427.2000,9,2
2026-03-03,600519,14:08:21,1428.2600,9,1
2026-03-03,600519,14:08:24,1428.2600,3,2
2026-03-03,600519,14:08:27,1428.2600,17,2
2026-03-03,600519,14:08:33,1428.2500,60,2
2026-03-03,600519,14:08:36,1427.5300,2,2
2026-03-03,600519,14:08:39,1428.0900,3,1
2026-03-03,600519,14:08:43,1428.0800,1,1
2026-03-03,600519,14:08:49,1427.0200,1,2
2026-03-03,600519,14:08:54,1427.0200,1,2
2026-03-03,600519,14:08:57,1428.0400,3,1
2026-03-03,600519,14:09:01,1427.0200,11,2
2026-03-03,600519,14:09:03,1427.0100,6,2
2026-03-03,600519,14:09:06,1427.0200,6,1
2026-03-03,600519,14:09:09,1426.8500,12,2
2026-03-03,600519,14:09:12,1426.8400,1,1
2026-03-03,600519,14:09:15,1426.8400,2,1
2026-03-03,600519,14:09:22,1426.2100,8,2
2026-03-03,600519,14:09:25,1426.9900,1,1
2026-03-03,600519,14:09:28,1427.0000,2,1
2026-03-03,600519,14:09:30,1426.2400,2,2
2026-03-03,600519,14:09:33,1426.2300,3,2
2026-03-03,600519,14:09:36,1426.2300,7,1
2026-03-03,600519,14:09:40,1427.0100,5,1
2026-03-03,600519,14:09:43,1426.3000,3,2
2026-03-03,600519,14:09:45,1427.0000,1,1
2026-03-03,600519,14:09:51,1426.2200,16,2
2026-03-03,600519,14:09:54,1426.9301,1,1
2026-03-03,600519,14:10:01,1426.9301,1,1
2026-03-03,600519,14:10:03,1426.9301,4,1
2026-03-03,600519,14:10:06,1426.9301,1,1
2026-03-03,600519,14:10:09,1426.2500,1,2
2026-03-03,600519,14:10:12,1426.2300,3,2
2026-03-03,600519,14:10:16,1426.2500,2,2
2026-03-03,600519,14:10:18,1426.2700,1,2
2026-03-03,600519,14:10:22,1426.9000,1,1
2026-03-03,600519,14:10:24,1426.2700,2,2
2026-03-03,600519,14:10:27,1426.2200,6,2
2026-03-03,600519,14:10:30,1426.2200,4,2
2026-03-03,600519,14:10:34,1425.5500,35,2
2026-03-03,600519,14:10:36,1425.5500,13,2
2026-03-03,600519,14:10:39,1425.5500,5,1
2026-03-03,600519,14:10:42,1425.2000,3,2
2026-03-03,600519,14:10:45,1425.9399,6,1
2026-03-03,600519,14:10:48,1425.9600,4,1
2026-03-03,600519,14:10:51,1426.2700,9,1
2026-03-03,600519,14:10:58,1426.5500,2,1
2026-03-03,600519,14:11:00,1426.2800,63,2
2026-03-03,600519,14:11:07,1425.2400,3,2
2026-03-03,600519,14:11:12,1425.3000,2,2
2026-03-03,600519,14:11:15,1425.4900,5,1
2026-03-03,600519,14:11:18,1425.2600,6,2
2026-03-03,600519,14:11:21,1425.6300,5,1
2026-03-03,600519,14:11:24,1425.4399,5,2
2026-03-03,600519,14:11:27,1425.4900,5,1
2026-03-03,600519,14:11:30,1425.2500,1,2
2026-03-03,600519,14:11:33,1425.4800,2,1
2026-03-03,600519,14:11:37,1425.2400,9,2
2026-03-03,600519,14:11:39,1425.4399,2,1
2026-03-03,600519,14:11:42,1425.4000,12,1
2026-03-03,600519,14:11:45,1425.2000,7,2
2026-03-03,600519,14:11:48,1425.0200,4,2
2026-03-03,600519,14:11:51,1425.0300,1,2
2026-03-03,600519,14:11:55,1425.2100,1,1
2026-03-03,600519,14:11:57,1425.0100,10,2
2026-03-03,600519,14:12:00,1424.1600,75,2
2026-03-03,600519,14:12:03,1424.6200,2,1
2026-03-03,600519,14:12:06,1424.2000,4,2
2026-03-03,600519,14:12:09,1424.7700,11,1
2026-03-03,600519,14:12:13,1425.2100,11,1
2026-03-03,600519,14:12:15,1424.7600,4,2
2026-03-03,600519,14:12:18,1424.6700,7,2
2026-03-03,600519,14:12:21,1424.6600,10,2
2026-03-03,600519,14:12:24,1424.4000,9,2
2026-03-03,600519,14:12:27,1424.6600,2,2
2026-03-03,600519,14:12:30,1424.6300,3,2
2026-03-03,600519,14:12:34,1424.6600,3,1
2026-03-03,600519,14:12:36,1424.7500,8,1
2026-03-03,600519,14:12:40,1425.0900,14,1
2026-03-03,600519,14:12:42,1425.4900,11,1
2026-03-03,600519,14:12:51,1424.7700,14,2
2026-03-03,600519,14:12:54,1425.3900,1,1
2026-03-03,600519,14:13:01,1425.4900,1,1
2026-03-03,600519,14:13:03,1425.0000,10,2
2026-03-03,600519,14:13:06,1425.3900,3,1
2026-03-03,600519,14:13:09,1425.0200,2,2
2026-03-03,600519,14:13:12,1425.3900,1,1
2026-03-03,600519,14:13:15,1425.0100,2,2
2026-03-03,600519,14:13:18,1425.0000,15,2
2026-03-03,600519,14:13:21,1425.4399,1,1
2026-03-03,600519,14:13:24,1425.4399,1,1
2026-03-03,600519,14:13:28,1425.1500,3,2
2026-03-03,600519,14:13:31,1425.4399,3,1
2026-03-03,600519,14:13:33,1425.4399,9,1
2026-03-03,600519,14:13:40,1425.3800,8,1
2026-03-03,600519,14:13:42,1424.9500,6,2
2026-03-03,600519,14:13:45,1424.6300,62,2
2026-03-03,600519,14:13:48,1424.2200,7,2
2026-03-03,600519,14:13:51,1424.2100,7,2
2026-03-03,600519,14:13:54,1424.2000,14,2
2026-03-03,600519,14:13:57,1424.2100,4,1
2026-03-03,600519,14:14:01,1424.2100,5,1
2026-03-03,600519,14:14:03,1424.2200,4,4
2026-03-03,600519,14:14:06,1424.2100,10,2
2026-03-03,600519,14:14:09,1424.2200,4,1
2026-03-03,600519,14:14:12,1424.2200,4,1
2026-03-03,600519,14:14:15,1424.2500,11,1
2026-03-03,600519,14:14:21,1424.2500,9,2
2026-03-03,600519,14:14:25,1424.3101,2,1
2026-03-03,600519,14:14:28,1424.3101,8,1
2026-03-03,600519,14:14:30,1424.3300,2,1
2026-03-03,600519,14:14:33,1424.3500,3,1
2026-03-03,600519,14:14:36,1424.3400,20,1
2026-03-03,600519,14:14:40,1424.3500,4,1
2026-03-03,600519,14:14:42,1424.3600,6,1
2026-03-03,600519,14:14:46,1424.3600,1,2
2026-03-03,600519,14:14:49,1424.4000,7,1
2026-03-03,600519,14:14:52,1424.4301,3,1
2026-03-03,600519,14:14:54,1424.4200,4,2
2026-03-03,600519,14:14:58,1424.4700,4,1
2026-03-03,600519,14:15:00,1424.4600,1,4
2026-03-03,600519,14:15:03,1424.4600,1,1
2026-03-03,600519,14:15:06,1424.5000,9,1
2026-03-03,600519,14:15:10,1424.5000,6,1
2026-03-03,600519,14:15:15,1424.5100,2,1
2026-03-03,600519,14:15:18,1424.9399,8,1
2026-03-03,600519,14:15:21,1424.9500,2,1
2026-03-03,600519,14:15:27,1424.9399,3,1
2026-03-03,600519,14:15:33,1424.9399,1,1
2026-03-03,600519,14:15:36,1424.9301,7,1
2026-03-03,600519,14:15:39,1424.9399,6,1
2026-03-03,600519,14:15:42,1424.9301,5,1
2026-03-03,600519,14:15:45,1424.7200,5,2
2026-03-03,600519,14:15:48,1424.7200,8,2
2026-03-03,600519,14:15:52,1424.6899,13,2
2026-03-03,600519,14:15:54,1424.6400,6,2
2026-03-03,600519,14:15:57,1424.6000,7,1
2026-03-03,600519,14:16:00,1424.5200,2,2
2026-03-03,600519,14:16:03,1424.5100,2,2
2026-03-03,600519,14:16:06,1424.5000,7,2
2026-03-03,600519,14:16:09,1424.6899,34,1
2026-03-03,600519,14:16:12,1424.7000,4,1
2026-03-03,600519,14:16:18,1424.6000,9,2
2026-03-03,600519,14:16:21,1424.6899,8,1
2026-03-03,600519,14:16:24,1424.5800,2,2
2026-03-03,600519,14:16:28,1424.5800,4,1
2026-03-03,600519,14:16:31,1424.6700,5,1
2026-03-03,600519,14:16:33,1424.6801,5,1
2026-03-03,600519,14:16:36,1424.5800,11,2
2026-03-03,600519,14:16:40,1424.7000,13,1
2026-03-03,600519,14:16:42,1424.7000,4,2
2026-03-03,600519,14:16:45,1424.7000,4,2
2026-03-03,600519,14:16:48,1424.7400,6,1
2026-03-03,600519,14:16:51,1424.5900,31,2
2026-03-03,600519,14:16:54,1424.6000,5,1
2026-03-03,600519,14:16:57,1424.5900,10,4
2026-03-03,600519,14:17:01,1424.7400,3,1
2026-03-03,600519,14:17:03,1424.7800,2,1
2026-03-03,600519,14:17:06,1424.5800,16,2
2026-03-03,600519,14:17:10,1424.5699,5,1
2026-03-03,600519,14:17:12,1424.5200,15,2
2026-03-03,600519,14:17:19,1424.5800,7,1
2026-03-03,600519,14:17:22,1424.5200,4,2
2026-03-03,600519,14:17:25,1424.4500,25,2
2026-03-03,600519,14:17:28,1424.4500,5,1
2026-03-03,600519,14:17:30,1424.4500,4,1
2026-03-03,600519,14:17:34,1424.4399,16,2
2026-03-03,600519,14:17:36,1424.4100,1,2
2026-03-03,600519,14:17:40,1424.4500,5,2
2026-03-03,600519,14:17:45,1424.4600,5,1
2026-03-03,600519,14:17:48,1424.5100,33,1
2026-03-03,600519,14:17:54,1424.4500,1,2
2026-03-03,600519,14:18:00,1424.4500,2,1
2026-03-03,600519,14:18:04,1424.4500,5,1
2026-03-03,600519,14:18:06,1424.4200,6,2
2026-03-03,600519,14:18:09,1424.4200,2,2
2026-03-03,600519,14:18:15,1424.4500,6,1
2026-03-03,600519,14:18:18,1424.3900,11,2
2026-03-03,600519,14:18:22,1424.4301,2,2
2026-03-03,600519,14:18:24,1424.4301,4,2
2026-03-03,600519,14:18:27,1424.4301,6,2
2026-03-03,600519,14:18:31,1424.4000,2,2
2026-03-03,600519,14:18:33,1424.3700,10,2
2026-03-03,600519,14:18:37,1424.3600,1,2
2026-03-03,600519,14:18:39,1424.2500,25,2
2026-03-03,600519,14:18:42,1424.2500,2,2
2026-03-03,600519,14:18:45,1424.2500,2,2
2026-03-03,600519,14:18:48,1424.2500,4,2
2026-03-03,600519,14:18:52,1424.2500,5,2
2026-03-03,600519,14:18:54,1424.2500,1,2
2026-03-03,600519,14:18:57,1424.0300,99,2
2026-03-03,600519,14:19:01,1423.5000,173,2
2026-03-03,600519,14:19:03,1423.2000,11,2
2026-03-03,600519,14:19:06,1423.6200,7,1
2026-03-03,600519,14:19:09,1423.7000,15,1
2026-03-03,600519,14:19:13,1423.2300,4,1
2026-03-03,600519,14:19:16,1423.7000,4,1
2026-03-03,600519,14:19:18,1423.6899,1,1
2026-03-03,600519,14:19:22,1423.6200,1,2
2026-03-03,600519,14:19:25,1423.6200,1,2
2026-03-03,600519,14:19:31,1423.6200,5,2
2026-03-03,600519,14:19:33,1423.6200,8,2
2026-03-03,600519,14:19:36,1423.6200,8,1
2026-03-03,600519,14:19:39,1423.6200,7,1
2026-03-03,600519,14:19:42,1423.2800,1,2
2026-03-03,600519,14:19:45,1423.6100,2,1
2026-03-03,600519,14:19:48,1423.6100,10,1
2026-03-03,600519,14:19:51,1423.2800,4,1
2026-03-03,600519,14:19:55,1423.2800,3,1
2026-03-03,600519,14:19:57,1423.1899,43,2
2026-03-03,600519,14:20:00,1423.3500,2,2
2026-03-03,600519,14:20:03,1423.3400,5,1
2026-03-03,600519,14:20:06,1423.3500,4,1
2026-03-03,600519,14:20:09,1423.5900,12,1
2026-03-03,600519,14:20:18,1423.3500,12,1
2026-03-03,600519,14:20:21,1423.3600,5,1
2026-03-03,600519,14:20:24,1423.5800,7,1
2026-03-03,600519,14:20:27,1423.5000,1,1
2026-03-03,600519,14:20:30,1423.4800,2,1
2026-03-03,600519,14:20:33,1423.3500,7,2
2026-03-03,600519,14:20:36,1423.4700,3,1
2026-03-03,600519,14:20:39,1423.4700,5,1
2026-03-03,600519,14:20:42,1423.4900,6,1
2026-03-03,600519,14:20:46,1423.5000,3,1
2026-03-03,600519,14:20:48,1423.5699,3,1
2026-03-03,600519,14:20:51,1423.5699,3,1
2026-03-03,600519,14:20:54,1423.5699,4,1
2026-03-03,600519,14:20:57,1423.5601,1,1
2026-03-03,600519,14:21:00,1423.5601,4,1
2026-03-03,600519,14:21:03,1423.4700,3,2
2026-03-03,600519,14:21:07,1423.4700,8,1
2026-03-03,600519,14:21:10,1423.4600,5,2
2026-03-03,600519,14:21:12,1423.3900,8,2
2026-03-03,600519,14:21:16,1423.3800,2,4
2026-03-03,600519,14:21:19,1423.3900,4,1
2026-03-03,600519,14:21:21,1423.4600,3,1
2026-03-03,600519,14:21:24,1423.4600,3,1
2026-03-03,600519,14:21:27,1423.3700,4,2
2026-03-03,600519,14:21:30,1423.4500,3,1
2026-03-03,600519,14:21:33,1423.3800,1,4
2026-03-03,600519,14:21:36,1423.3800,11,1
2026-03-03,600519,14:21:39,1423.3900,5,1
2026-03-03,600519,14:21:42,1423.3900,6,1
2026-03-03,600519,14:21:45,1423.3800,3,2
2026-03-03,600519,14:21:48,1423.3800,3,2
2026-03-03,600519,14:21:54,1423.4200,12,1
2026-03-03,600519,14:21:57,1423.4700,11,1
2026-03-03,600519,14:22:01,1423.3800,6,2
2026-03-03,600519,14:22:03,1423.8400,39,1
2026-03-03,600519,14:22:06,1424.1400,18,1
2026-03-03,600519,14:22:09,1424.1300,7,2
2026-03-03,600519,14:22:13,1424.3600,4,2
2026-03-03,600519,14:22:19,1424.3700,2,1
2026-03-03,600519,14:22:21,1424.4301,9,1
2026-03-03,600519,14:22:25,1424.4301,5,1
2026-03-03,600519,14:22:28,1424.3700,4,2
2026-03-03,600519,14:22:30,1424.4301,6,1
2026-03-03,600519,14:22:33,1424.4301,4,2
2026-03-03,600519,14:22:36,1424.4399,2,1
2026-03-03,600519,14:22:39,1424.4700,11,1
2026-03-03,600519,14:22:43,1424.9500,11,1
2026-03-03,600519,14:22:45,1424.9600,3,1
2026-03-03,600519,14:22:48,1424.9800,7,1
2026-03-03,600519,14:22:51,1425.1600,1,1
2026-03-03,600519,14:22:54,1425.4399,1,1
2026-03-03,600519,14:22:57,1426.4800,3,1
2026-03-03,600519,14:23:01,1426.3101,10,2
2026-03-03,600519,14:23:04,1424.5300,22,2
2026-03-03,600519,14:23:06,1424.5200,2,2
2026-03-03,600519,14:23:10,1424.5300,2,2
2026-03-03,600519,14:23:12,1424.5601,11,2
2026-03-03,600519,14:23:15,1425.6700,3,1
2026-03-03,600519,14:23:18,1424.4900,5,2
2026-03-03,600519,14:23:21,1426.0500,5,1
2026-03-03,600519,14:23:24,1426.0601,10,1
2026-03-03,600519,14:23:28,1425.0400,3,2
2026-03-03,600519,14:23:30,1424.6600,3,2
2026-03-03,600519,14:23:34,1425.0300,3,2
2026-03-03,600519,14:23:36,1424.4200,19,2
2026-03-03,600519,14:23:39,1424.8300,12,1
2026-03-03,600519,14:23:42,1424.4200,7,2
2026-03-03,600519,14:23:46,1424.8900,2,1
2026-03-03,600519,14:23:48,1425.0200,9,1
2026-03-03,600519,14:23:51,1425.0200,1,2
2026-03-03,600519,14:23:55,1425.0200,14,2
2026-03-03,600519,14:23:58,1425.4900,1,1
2026-03-03,600519,14:24:00,1425.6700,223,1
2026-03-03,600519,14:24:03,1424.4700,28,2
2026-03-03,600519,14:24:09,1424.4900,1,2
2026-03-03,600519,14:24:12,1424.5000,2,2
2026-03-03,600519,14:24:15,1425.5900,1,1
2026-03-03,600519,14:24:18,1425.6100,7,1
2026-03-03,600519,14:24:22,1425.7000,20,1
2026-03-03,600519,14:24:27,1425.5900,2,2
2026-03-03,600519,14:24:30,1425.7000,2,2
2026-03-03,600519,14:24:34,1425.7100,4,2
2026-03-03,600519,14:24:36,1425.7000,1,2
2026-03-03,600519,14:24:39,1425.7100,4,2
2026-03-03,600519,14:24:45,1425.7000,25,2
2026-03-03,600519,14:24:48,1425.7000,7,2
2026-03-03,600519,14:24:51,1425.0000,7,2
2026-03-03,600519,14:24:54,1425.4900,15,1
2026-03-03,600519,14:24:57,1424.5000,24,2
2026-03-03,600519,14:25:00,1425.0000,5,1
2026-03-03,600519,14:25:04,1424.5000,13,2
2026-03-03,600519,14:25:09,1425.6300,3,1
2026-03-03,600519,14:25:13,1425.0000,3,2
2026-03-03,600519,14:25:15,1424.5000,2,2
2026-03-03,600519,14:25:18,1424.5000,24,2
2026-03-03,600519,14:25:21,1424.9800,2,1
2026-03-03,600519,14:25:25,1424.5100,5,2
2026-03-03,600519,14:25:27,1425.1600,5,1
2026-03-03,600519,14:25:30,1425.8000,5,1
2026-03-03,600519,14:25:34,1425.0000,4,2
2026-03-03,600519,14:25:36,1424.9900,2,1
2026-03-03,600519,14:25:42,1424.9301,6,1
2026-03-03,600519,14:25:45,1424.9100,2,1
2026-03-03,600519,14:25:49,1425.0000,27,1
2026-03-03,600519,14:25:51,1425.1400,7,1
2026-03-03,600519,14:25:54,1425.0100,1,2
2026-03-03,600519,14:26:00,1425.0000,12,2
2026-03-03,600519,14:26:03,1425.1300,6,1
2026-03-03,600519,14:26:06,1425.1300,3,1
2026-03-03,600519,14:26:09,1425.0000,9,2
2026-03-03,600519,14:26:12,1425.1300,17,1
2026-03-03,600519,14:26:15,1425.1300,1,2
2026-03-03,600519,14:26:18,1425.7900,3,1
2026-03-03,600519,14:26:21,1425.7900,2,1
2026-03-03,600519,14:26:24,1425.8000,5,1
2026-03-03,600519,14:26:27,1425.1300,4,2
2026-03-03,600519,14:26:30,1425.7900,4,1
2026-03-03,600519,14:26:33,1424.6100,48,2
2026-03-03,600519,14:26:36,1424.4900,18,2
2026-03-03,600519,14:26:39,1424.4900,14,1
2026-03-03,600519,14:26:42,1424.0000,41,2
2026-03-03,600519,14:26:45,1425.0000,31,1
2026-03-03,600519,14:26:48,1425.1300,11,1
2026-03-03,600519,14:26:52,1424.1300,9,2
2026-03-03,600519,14:26:54,1425.0000,4,1
2026-03-03,600519,14:26:57,1425.0000,1,2
2026-03-03,600519,14:27:01,1425.0000,26,1
2026-03-03,600519,14:27:03,1425.0000,26,1
2026-03-03,600519,14:27:06,1425.6100,11,1
2026-03-03,600519,14:27:09,1425.6100,87,1
2026-03-03,600519,14:27:12,1425.7100,4,1
2026-03-03,600519,14:27:15,1425.7700,1,1
2026-03-03,600519,14:27:18,1425.7700,21,1
2026-03-03,600519,14:27:22,1425.7600,88,1
2026-03-03,600519,14:27:24,1425.7600,8,1
2026-03-03,600519,14:27:27,1425.1500,4,2
2026-03-03,600519,14:27:30,1425.7600,32,1
2026-03-03,600519,14:27:34,1425.7500,4,1
2026-03-03,600519,14:27:37,1425.1500,6,1
2026-03-03,600519,14:27:39,1424.6200,1,2
2026-03-03,600519,14:27:42,1425.1500,3,1
2026-03-03,600519,14:27:45,1425.0000,33,2
2026-03-03,600519,14:27:48,1425.0000,21,1
2026-03-03,600519,14:27:51,1424.9900,7,1
2026-03-03,600519,14:27:55,1425.2300,6,1
2026-03-03,600519,14:27:58,1425.2400,8,2
2026-03-03,600519,14:28:00,1425.4100,2,1
2026-03-03,600519,14:28:04,1425.2600,3,2
2026-03-03,600519,14:28:06,1425.2500,13,2
2026-03-03,600519,14:28:09,1425.3900,3,1
2026-03-03,600519,14:28:12,1425.2600,4,2
2026-03-03,600519,14:28:15,1425.0000,64,2
2026-03-03,600519,14:28:18,1425.0000,22,1
2026-03-03,600519,14:28:21,1424.9900,2,1
2026-03-03,600519,14:28:24,1425.2500,41,1
2026-03-03,600519,14:28:27,1425.0500,4,2
2026-03-03,600519,14:28:34,1425.0000,4,2
2026-03-03,600519,14:28:36,1425.6000,2,1
2026-03-03,600519,14:28:39,1425.6000,5,1
2026-03-03,600519,14:28:42,1425.5000,2,1
2026-03-03,600519,14:28:45,1425.6000,2,1
2026-03-03,600519,14:28:49,1425.3000,8,2
2026-03-03,600519,14:28:52,1425.6100,1,1
2026-03-03,600519,14:28:54,1425.6000,2,1
2026-03-03,600519,14:28:57,1425.6200,1,1
2026-03-03,600519,14:29:00,1425.3101,9,2
2026-03-03,600519,14:29:03,1425.3000,13,2
2026-03-03,600519,14:29:06,1425.3000,1,2
2026-03-03,600519,14:29:09,1425.6000,6,1
2026-03-03,600519,14:29:12,1425.6000,3,2
2026-03-03,600519,14:29:15,1425.6200,4,1
2026-03-03,600519,14:29:18,1425.6100,4,2
2026-03-03,600519,14:29:24,1425.6600,8,1
2026-03-03,600519,14:29:27,1425.7000,10,1
2026-03-03,600519,14:29:30,1425.7800,3,1
2026-03-03,600519,14:29:34,1425.6000,11,2
2026-03-03,600519,14:29:36,1425.6100,9,2
2026-03-03,600519,14:29:39,1425.7700,9,1
2026-03-03,600519,14:29:42,1425.7200,5,1
2026-03-03,600519,14:29:45,1425.7200,2,2
2026-03-03,600519,14:29:48,1425.7200,2,2
2026-03-03,600519,14:29:51,1426.1400,19,1
2026-03-03,600519,14:29:54,1425.9900,6,2
2026-03-03,600519,14:29:57,1426.1500,1,1
2026-03-03,600519,14:30:00,1426.0900,4,2
2026-03-03,600519,14:30:03,1426.3500,2,1
2026-03-03,600519,14:30:09,1426.3400,5,1
2026-03-03,600519,14:30:12,1426.3400,3,1
2026-03-03,600519,14:30:15,1426.3300,3,1
2026-03-03,600519,14:30:18,1426.3500,5,1
2026-03-03,600519,14:30:21,1426.3300,1,2
2026-03-03,600519,14:30:24,1426.4800,18,1
2026-03-03,600519,14:30:27,1426.5300,6,1
2026-03-03,600519,14:30:30,1426.1600,25,2
2026-03-03,600519,14:30:33,1425.9900,32,2
2026-03-03,600519,14:30:37,1425.7700,11,2
2026-03-03,600519,14:30:39,1425.7700,8,2
2026-03-03,600519,14:30:43,1425.7500,16,1
2026-03-03,600519,14:30:45,1425.7300,9,2
2026-03-03,600519,14:30:48,1425.7200,4,2
2026-03-03,600519,14:30:51,1426.0400,8,1
2026-03-03,600519,14:30:54,1426.1400,5,1
2026-03-03,600519,14:30:57,1426.1500,5,1
2026-03-03,600519,14:31:00,1426.1400,4,2
2026-03-03,600519,14:31:03,1426.1400,13,2
2026-03-03,600519,14:31:06,1426.7800,4,1
2026-03-03,600519,14:31:10,1426.8700,4,1
2026-03-03,600519,14:31:12,1426.7800,2,1
2026-03-03,600519,14:31:15,1426.8101,5,1
2026-03-03,600519,14:31:18,1426.8700,6,1
2026-03-03,600519,14:31:22,1426.8900,4,1
2026-03-03,600519,14:31:24,1426.9000,2,1
2026-03-03,600519,14:31:27,1426.4500,18,2
2026-03-03,600519,14:31:30,1426.5300,8,1
2026-03-03,600519,14:31:33,1426.5400,6,1
2026-03-03,600519,14:31:36,1426.7700,5,1
2026-03-03,600519,14:31:39,1426.8000,1,1
2026-03-03,600519,14:31:42,1426.8700,2,1
2026-03-03,600519,14:31:46,1426.8600,3,1
2026-03-03,600519,14:31:48,1426.5400,7,2
2026-03-03,600519,14:31:51,1426.5200,11,2
2026-03-03,600519,14:31:55,1426.1300,36,2
2026-03-03,600519,14:31:57,1425.5800,6,2
2026-03-03,600519,14:32:01,1425.2500,4,2
2026-03-03,600519,14:32:04,1425.2500,7,2
2026-03-03,600519,14:32:06,1425.1200,6,2
2026-03-03,600519,14:32:09,1425.2700,9,1
2026-03-03,600519,14:32:13,1425.5800,5,1
2026-03-03,600519,14:32:16,1425.7900,3,1
2026-03-03,600519,14:32:18,1425.7900,2,1
2026-03-03,600519,14:32:24,1425.7900,5,1
2026-03-03,600519,14:32:27,1425.7900,2,1
2026-03-03,600519,14:32:30,1425.7900,4,1
2026-03-03,600519,14:32:33,1425.5500,5,2
2026-03-03,600519,14:32:36,1425.5500,8,2
2026-03-03,600519,14:32:39,1425.7700,5,1
2026-03-03,600519,14:32:42,1425.7600,4,1
2026-03-03,600519,14:32:45,1425.7600,4,1
2026-03-03,600519,14:32:49,1425.7600,3,1
2026-03-03,600519,14:32:51,1425.7500,2,1
2026-03-03,600519,14:32:54,1425.8700,17,1
2026-03-03,600519,14:33:00,1426.0900,7,1
2026-03-03,600519,14:33:03,1425.7700,5,2
2026-03-03,600519,14:33:06,1425.7300,5,2
2026-03-03,600519,14:33:09,1425.7700,2,1
2026-03-03,600519,14:33:12,1425.7800,2,1
2026-03-03,600519,14:33:15,1425.6100,4,2
2026-03-03,600519,14:33:19,1425.7500,4,2
2026-03-03,600519,14:33:21,1425.3500,27,2
2026-03-03,600519,14:33:24,1425.2900,6,2
2026-03-03,600519,14:33:27,1425.2800,6,4
2026-03-03,600519,14:33:30,1425.2200,7,2
2026-03-03,600519,14:33:33,1425.1300,6,2
2026-03-03,600519,14:33:36,1425.1899,6,1
2026-03-03,600519,14:33:39,1425.1899,7,1
2026-03-03,600519,14:33:42,1425.1200,7,2
2026-03-03,600519,14:33:46,1425.0699,8,2
2026-03-03,600519,14:33:48,1425.1200,8,2
2026-03-03,600519,14:33:51,1425.2200,7,1
2026-03-03,600519,14:33:54,1425.2000,2,2
2026-03-03,600519,14:33:57,1425.1200,5,2
2026-03-03,600519,14:34:00,1425.1200,3,2
2026-03-03,600519,14:34:03,1425.1200,4,2
2026-03-03,600519,14:34:06,1425.1200,3,1
2026-03-03,600519,14:34:09,1425.0601,5,2
2026-03-03,600519,14:34:12,1425.1200,3,2
2026-03-03,600519,14:34:16,1425.0601,8,2
2026-03-03,600519,14:34:18,1425.0699,3,2
2026-03-03,600519,14:34:21,1425.0601,3,2
2026-03-03,600519,14:34:24,1425.0699,2,2
2026-03-03,600519,14:34:27,1425.0601,5,2
2026-03-03,600519,14:34:30,1425.0699,2,4
2026-03-03,600519,14:34:33,1425.0699,6,4
2026-03-03,600519,14:34:36,1425.0900,10,1
2026-03-03,600519,14:34:39,1425.1000,6,1
2026-03-03,600519,14:34:42,1425.0699,4,1
2026-03-03,600519,14:34:45,1425.1000,8,1
2026-03-03,600519,14:34:48,1425.0400,3,2
2026-03-03,600519,14:34:51,1425.0400,2,2
2026-03-03,600519,14:34:54,1425.0300,3,2
2026-03-03,600519,14:34:57,1425.0300,1,2
2026-03-03,600519,14:35:00,1425.0300,7,2
2026-03-03,600519,14:35:04,1423.2800,159,2
2026-03-03,600519,14:35:06,1423.2600,19,1
2026-03-03,600519,14:35:10,1423.2700,14,1
2026-03-03,600519,14:35:13,1423.7000,5,1
2026-03-03,600519,14:35:15,1423.1500,1,2
2026-03-03,600519,14:35:18,1423.5601,2,1
2026-03-03,600519,14:35:21,1423.6801,5,1
2026-03-03,600519,14:35:24,1423.6801,11,1
2026-03-03,600519,14:35:27,1423.6801,11,2
2026-03-03,600519,14:35:30,1423.5699,9,2
2026-03-03,600519,14:35:33,1423.6899,7,2
2026-03-03,600519,14:35:36,1423.6899,4,2
2026-03-03,600519,14:35:39,1423.6801,22,2
2026-03-03,600519,14:35:43,1423.5800,5,2
2026-03-03,600519,14:35:45,1423.6801,5,1
2026-03-03,600519,14:35:48,1423.5601,10,2
2026-03-03,600519,14:35:51,1423.6600,2,1
2026-03-03,600519,14:35:54,1423.5000,4,2
2026-03-03,600519,14:35:57,1423.6400,4,1
2026-03-03,600519,14:36:00,1423.6300,12,1
2026-03-03,600519,14:36:03,1423.2600,6,2
2026-03-03,600519,14:36:06,1423.2600,2,1
2026-03-03,600519,14:36:09,1423.2600,1,1
2026-03-03,600519,14:36:12,1423.2500,10,2
2026-03-03,600519,14:36:15,1423.2500,4,1
2026-03-03,600519,14:36:18,1423.2500,7,1
2026-03-03,600519,14:36:21,1423.1700,5,2
2026-03-03,600519,14:36:24,1423.2500,6,1
2026-03-03,600519,14:36:27,1423.2500,5,2
2026-03-03,600519,14:36:30,1423.2500,5,2
2026-03-03,600519,14:36:34,1423.2600,7,4
2026-03-03,600519,14:36:36,1423.1700,4,2
2026-03-03,600519,14:36:39,1423.1700,5,2
2026-03-03,600519,14:36:43,1423.2500,5,1
2026-03-03,600519,14:36:45,1423.2500,5,1
2026-03-03,600519,14:36:48,1423.2500,6,1
2026-03-03,600519,14:36:51,1423.2600,11,1
2026-03-03,600519,14:36:54,1423.2400,2,1
2026-03-03,600519,14:36:58,1423.2000,5,2
2026-03-03,600519,14:37:00,1423.2500,8,1
2026-03-03,600519,14:37:03,1423.2000,7,2
2026-03-03,600519,14:37:06,1423.1200,31,2
2026-03-03,600519,14:37:09,1423.1000,9,2
2026-03-03,600519,14:37:12,1423.2400,10,1
2026-03-03,600519,14:37:15,1423.1000,5,1
2026-03-03,600519,14:37:18,1423.1500,10,1
2026-03-03,600519,14:37:21,1423.2400,5,1
2026-03-03,600519,14:37:24,1423.1000,22,2
2026-03-03,600519,14:37:27,1423.2500,5,1
2026-03-03,600519,14:37:30,1423.1500,5,2
2026-03-03,600519,14:37:33,1423.1000,11,2
2026-03-03,600519,14:37:36,1423.2400,16,1
2026-03-03,600519,14:37:40,1423.1000,2,2
2026-03-03,600519,14:37:42,1422.3300,308,2
2026-03-03,600519,14:37:45,1422.2500,20,2
2026-03-03,600519,14:37:48,1422.2400,8,2
2026-03-03,600519,14:37:51,1422.2500,5,1
2026-03-03,600519,14:37:55,1422.2500,8,2
2026-03-03,600519,14:37:58,1422.7800,13,1
2026-03-03,600519,14:38:00,1422.7600,11,1
2026-03-03,600519,14:38:03,1422.8800,10,1
2026-03-03,600519,14:38:06,1423.2600,46,1
2026-03-03,600519,14:38:09,1423.3400,8,1
2026-03-03,600519,14:38:12,1423.8700,10,1
2026-03-03,600519,14:38:18,1423.8600,17,1
2026-03-03,600519,14:38:21,1423.8600,2,1
2026-03-03,600519,14:38:25,1423.3600,1,1
2026-03-03,600519,14:38:27,1423.8600,3,1
2026-03-03,600519,14:38:30,1423.8500,9,1
2026-03-03,600519,14:38:33,1423.8500,7,2
2026-03-03,600519,14:38:37,1423.8700,12,1
2026-03-03,600519,14:38:39,1423.8700,7,1
2026-03-03,600519,14:38:42,1423.8700,11,1
2026-03-03,600519,14:38:45,1424.1500,9,1
2026-03-03,600519,14:38:48,1423.8700,5,1
2026-03-03,600519,14:38:51,1423.8300,6,1
2026-03-03,600519,14:38:54,1423.8300,3,1
2026-03-03,600519,14:38:58,1423.8500,11,1
2026-03-03,600519,14:39:00,1423.8700,15,2
2026-03-03,600519,14:39:04,1424.1500,6,2
2026-03-03,600519,14:39:06,1425.0000,7,1
2026-03-03,600519,14:39:10,1423.8800,12,2
2026-03-03,600519,14:39:12,1424.1500,31,2
2026-03-03,600519,14:39:15,1423.8700,6,1
2026-03-03,600519,14:39:18,1423.8700,18,1
2026-03-03,600519,14:39:21,1423.0000,1,2
2026-03-03,600519,14:39:24,1424.1200,3,1
2026-03-03,600519,14:39:27,1423.0000,14,2
2026-03-03,600519,14:39:30,1424.1100,3,1
2026-03-03,600519,14:39:33,1424.1100,4,1
2026-03-03,600519,14:39:36,1424.1000,5,1
2026-03-03,600519,14:39:39,1423.9900,3,1
2026-03-03,600519,14:39:42,1423.0699,10,2
2026-03-03,600519,14:39:45,1424.0000,2,1
2026-03-03,600519,14:39:48,1423.0699,2,2
2026-03-03,600519,14:39:52,1424.0000,2,1
2026-03-03,600519,14:39:55,1423.0800,5,2
2026-03-03,600519,14:39:57,1424.0000,1,1
2026-03-03,600519,14:40:00,1423.9900,10,1
2026-03-03,600519,14:40:03,1423.1000,8,2
2026-03-03,600519,14:40:09,1423.1000,3,2
2026-03-03,600519,14:40:12,1423.9900,8,1
2026-03-03,600519,14:40:15,1424.0000,5,1
2026-03-03,600519,14:40:18,1424.0000,11,1
2026-03-03,600519,14:40:22,1423.9900,7,2
2026-03-03,600519,14:40:24,1424.0000,9,1
2026-03-03,600519,14:40:28,1424.0000,8,1
2026-03-03,600519,14:40:30,1424.0000,5,1
2026-03-03,600519,14:40:33,1424.0300,14,1
2026-03-03,600519,14:40:37,1423.9900,4,1
2026-03-03,600519,14:40:40,1423.1200,3,2
2026-03-03,600519,14:40:42,1423.1300,5,2
2026-03-03,600519,14:40:45,1423.9900,2,1
2026-03-03,600519,14:40:49,1423.9800,4,1
2026-03-03,600519,14:40:51,1424.0200,6,1
2026-03-03,600519,14:40:54,1424.2800,25,1
2026-03-03,600519,14:40:57,1424.6500,13,1
2026-03-03,600519,14:41:00,1425.0300,11,1
2026-03-03,600519,14:41:03,1425.0300,4,1
2026-03-03,600519,14:41:06,1425.0699,14,1
2026-03-03,600519,14:41:09,1425.1000,6,1
2026-03-03,600519,14:41:15,1425.0900,4,2
2026-03-03,600519,14:41:18,1426.0000,17,1
2026-03-03,600519,14:41:21,1426.0000,52,2
2026-03-03,600519,14:41:24,1425.1801,18,2
2026-03-03,600519,14:41:28,1426.0000,22,1
2026-03-03,600519,14:41:30,1425.1899,5,2
2026-03-03,600519,14:41:33,1425.0699,4,2
2026-03-03,600519,14:41:37,1425.1801,5,1
2026-03-03,600519,14:41:39,1426.0000,35,1
2026-03-03,600519,14:41:42,1424.4600,21,2
2026-03-03,600519,14:41:45,1425.4900,3,1
2026-03-03,600519,14:41:48,1425.1000,3,1
2026-03-03,600519,14:41:55,1425.1000,1,2
2026-03-03,600519,14:42:00,1425.1100,3,2
2026-03-03,600519,14:42:03,1425.1000,5,2
2026-03-03,600519,14:42:06,1425.4600,4,1
2026-03-03,600519,14:42:09,1425.4600,2,1
2026-03-03,600519,14:42:12,1425.4600,4,1
2026-03-03,600519,14:42:15,1425.1000,12,2
2026-03-03,600519,14:42:18,1425.1000,5,2
2026-03-03,600519,14:42:22,1425.1000,2,2
2026-03-03,600519,14:42:24,1425.4900,8,1
2026-03-03,600519,14:42:27,1425.0000,15,2
2026-03-03,600519,14:42:31,1425.4900,3,1
2026-03-03,600519,14:42:33,1425.1100,1,2
2026-03-03,600519,14:42:36,1425.4800,1,1
2026-03-03,600519,14:42:39,1425.1200,3,2
2026-03-03,600519,14:42:42,1425.1200,2,2
2026-03-03,600519,14:42:45,1425.4600,2,1
2026-03-03,600519,14:42:48,1425.1200,7,2
2026-03-03,600519,14:42:51,1424.4600,11,2
2026-03-03,600519,14:42:54,1425.1100,7,1
2026-03-03,600519,14:42:57,1425.1200,13,1
2026-03-03,600519,14:43:01,1425.1100,8,1
2026-03-03,600519,14:43:03,1425.1100,2,1
2026-03-03,600519,14:43:06,1425.1100,3,1
2026-03-03,600519,14:43:09,1425.1200,7,1
2026-03-03,600519,14:43:12,1425.2600,7,1
2026-03-03,600519,14:43:15,1425.2600,37,1
2026-03-03,600519,14:43:18,1425.9800,16,1
2026-03-03,600519,14:43:21,1425.9800,8,1
2026-03-03,600519,14:43:24,1425.9800,15,1
2026-03-03,600519,14:43:27,1425.9700,7,1
2026-03-03,600519,14:43:31,1426.0000,17,1
2026-03-03,600519,14:43:33,1426.0900,6,1
2026-03-03,600519,14:43:36,1426.2400,6,1
2026-03-03,600519,14:43:39,1426.1500,2,2
2026-03-03,600519,14:43:42,1426.0900,6,2
2026-03-03,600519,14:43:45,1426.0601,10,2
2026-03-03,600519,14:43:48,1426.0400,8,1
2026-03-03,600519,14:43:52,1426.0000,2,1
2026-03-03,600519,14:43:55,1426.0000,6,1
2026-03-03,600519,14:43:57,1425.9700,4,1
2026-03-03,600519,14:44:00,1425.9700,2,1
2026-03-03,600519,14:44:03,1424.9000,9,2
2026-03-03,600519,14:44:06,1424.0200,5,2
2026-03-03,600519,14:44:09,1424.1801,4,2
2026-03-03,600519,14:44:13,1424.0300,3,2
2026-03-03,600519,14:44:15,1424.0200,3,2
2026-03-03,600519,14:44:18,1424.0200,2,2
2026-03-03,600519,14:44:21,1424.8900,2,1
2026-03-03,600519,14:44:25,1424.0100,5,2
2026-03-03,600519,14:44:27,1424.1801,4,2
2026-03-03,600519,14:44:30,1424.0200,3,1
2026-03-03,600519,14:44:33,1424.0000,7,2
2026-03-03,600519,14:44:36,1424.8500,3,1
2026-03-03,600519,14:44:40,1424.8400,4,1
2026-03-03,600519,14:44:42,1424.8199,6,1
2026-03-03,600519,14:44:45,1424.2400,5,2
2026-03-03,600519,14:44:49,1424.2400,3,2
2026-03-03,600519,14:44:51,1424.6400,2,1
2026-03-03,600519,14:44:58,1424.0500,5,2
2026-03-03,600519,14:45:00,1424.0200,5,2
2026-03-03,600519,14:45:03,1424.7400,12,1
2026-03-03,600519,14:45:07,1424.7400,6,1
2026-03-03,600519,14:45:09,1424.1700,5,2
2026-03-03,600519,14:45:12,1424.1600,3,2
2026-03-03,600519,14:45:16,1424.1600,11,2
2026-03-03,600519,14:45:18,1424.0200,3,2
2026-03-03,600519,14:45:21,1424.4900,5,1
2026-03-03,600519,14:45:24,1424.0200,13,2
2026-03-03,600519,14:45:27,1424.0100,24,2
2026-03-03,600519,14:45:30,1423.9900,27,2
2026-03-03,600519,14:45:33,1423.5601,9,2
2026-03-03,600519,14:45:36,1423.9000,9,1
2026-03-03,600519,14:45:39,1423.9700,8,1
2026-03-03,600519,14:45:42,1423.5100,3,2
2026-03-03,600519,14:45:45,1423.4600,9,2
2026-03-03,600519,14:45:49,1423.5000,8,1
2026-03-03,600519,14:45:51,1423.5100,6,1
2026-03-03,600519,14:45:55,1423.8500,6,1
2026-03-03,600519,14:45:57,1423.1801,14,2
2026-03-03,600519,14:46:01,1423.3600,10,2
2026-03-03,600519,14:46:03,1423.8300,5,1
2026-03-03,600519,14:46:06,1423.8300,6,1
2026-03-03,600519,14:46:09,1423.8000,8,1
2026-03-03,600519,14:46:12,1423.8000,13,1
2026-03-03,600519,14:46:15,1423.8199,11,1
2026-03-03,600519,14:46:18,1423.5601,5,2
2026-03-03,600519,14:46:21,1423.8300,3,1
2026-03-03,600519,14:46:24,1423.9700,8,1
2026-03-03,600519,14:46:27,1423.9700,7,1
2026-03-03,600519,14:46:30,1423.9700,5,1
2026-03-03,600519,14:46:33,1423.9800,10,1
2026-03-03,600519,14:46:37,1423.9700,11,2
2026-03-03,600519,14:46:39,1423.9700,3,1
2026-03-03,600519,14:46:46,1424.0900,1,1
2026-03-03,600519,14:46:49,1423.9700,6,2
2026-03-03,600519,14:46:51,1423.9800,1,1
2026-03-03,600519,14:46:54,1423.9500,11,2
2026-03-03,600519,14:46:57,1423.9399,12,1
2026-03-03,600519,14:47:01,1423.9301,3,1
2026-03-03,600519,14:47:03,1423.4800,6,2
2026-03-03,600519,14:47:06,1423.2200,8,2
2026-03-03,600519,14:47:09,1423.1801,3,2
2026-03-03,600519,14:47:15,1423.1801,17,2
2026-03-03,600519,14:47:18,1423.1300,17,2
2026-03-03,600519,14:47:21,1423.1100,12,2
2026-03-03,600519,14:47:24,1423.2100,13,1
2026-03-03,600519,14:47:27,1423.0200,10,2
2026-03-03,600519,14:47:30,1423.2100,3,1
2026-03-03,600519,14:47:33,1423.0100,11,2
2026-03-03,600519,14:47:37,1423.0000,12,2
2026-03-03,600519,14:47:39,1423.2200,6,1
2026-03-03,600519,14:47:42,1423.2300,2,1
2026-03-03,600519,14:47:46,1423.2300,1,1
2026-03-03,600519,14:47:48,1423.2300,5,1
2026-03-03,600519,14:47:51,1423.2300,7,1
2026-03-03,600519,14:47:55,1423.3300,2,1
2026-03-03,600519,14:47:57,1423.4700,3,1
2026-03-03,600519,14:48:00,1423.5000,15,1
2026-03-03,600519,14:48:04,1423.5601,13,1
2026-03-03,600519,14:48:07,1423.5699,1,1
2026-03-03,600519,14:48:09,1423.5100,8,2
2026-03-03,600519,14:48:12,1423.3300,15,2
2026-03-03,600519,14:48:15,1423.2300,13,2
2026-03-03,600519,14:48:18,1423.2500,7,2
2026-03-03,600519,14:48:21,1423.5699,4,1
2026-03-03,600519,14:48:25,1423.5000,5,2
2026-03-03,600519,14:48:27,1423.2400,7,2
2026-03-03,600519,14:48:30,1423.2400,2,4
2026-03-03,600519,14:48:33,1423.2400,2,4
2026-03-03,600519,14:48:36,1423.1700,16,2
2026-03-03,600519,14:48:39,1423.1700,5,1
2026-03-03,600519,14:48:42,1423.2300,10,1
2026-03-03,600519,14:48:46,1423.3500,16,1
2026-03-03,600519,14:48:49,1423.2500,5,2
2026-03-03,600519,14:48:51,1423.3500,4,1
2026-03-03,600519,14:48:54,1423.3500,5,1
2026-03-03,600519,14:48:57,1423.2100,4,2
2026-03-03,600519,14:49:00,1423.2600,20,2
2026-03-03,600519,14:49:03,1423.5400,20,1
2026-03-03,600519,14:49:06,1423.3500,11,2
2026-03-03,600519,14:49:09,1424.5000,14,1
2026-03-03,600519,14:49:12,1424.5000,17,1
2026-03-03,600519,14:49:15,1424.0100,7,2
2026-03-03,600519,14:49:18,1424.6400,21,1
2026-03-03,600519,14:49:21,1424.8500,18,1
2026-03-03,600519,14:49:25,1425.0000,9,1
2026-03-03,600519,14:49:27,1424.9900,15,1
2026-03-03,600519,14:49:30,1424.1400,17,2
2026-03-03,600519,14:49:34,1425.7300,15,1
2026-03-03,600519,14:49:37,1425.0000,7,1
2026-03-03,600519,14:49:39,1425.2000,7,1
2026-03-03,600519,14:49:42,1425.1100,5,1
2026-03-03,600519,14:49:45,1424.5200,4,2
2026-03-03,600519,14:49:49,1424.0900,11,2
2026-03-03,600519,14:49:51,1424.5100,23,1
2026-03-03,600519,14:49:54,1424.0100,7,2
2026-03-03,600519,14:49:57,1424.0200,3,2
2026-03-03,600519,14:50:00,1424.0100,18,2
2026-03-03,600519,14:50:03,1424.0100,7,1
2026-03-03,600519,14:50:06,1424.0000,1,1
2026-03-03,600519,14:50:09,1423.9900,13,1
2026-03-03,600519,14:50:12,1423.9900,1,1
2026-03-03,600519,14:50:16,1424.0900,3,1
2026-03-03,600519,14:50:18,1424.0800,5,1
2026-03-03,600519,14:50:21,1424.0800,5,1
2026-03-03,600519,14:50:24,1424.0000,2,1
2026-03-03,600519,14:50:27,1424.0800,6,1
2026-03-03,600519,14:50:30,1424.1100,5,1
2026-03-03,600519,14:50:34,1424.0100,5,2
2026-03-03,600519,14:50:36,1424.0500,38,2
2026-03-03,600519,14:50:39,1423.2900,6,2
2026-03-03,600519,14:50:42,1423.9800,6,1
2026-03-03,600519,14:50:45,1424.0699,6,1
2026-03-03,600519,14:50:48,1424.0800,2,1
2026-03-03,600519,14:50:51,1424.0800,3,1
2026-03-03,600519,14:50:54,1424.0601,7,2
2026-03-03,600519,14:50:57,1424.0699,8,1
2026-03-03,600519,14:51:00,1423.9900,16,2
2026-03-03,600519,14:51:03,1424.1000,8,1
2026-03-03,600519,14:51:06,1424.1000,4,1
2026-03-03,600519,14:51:09,1424.1400,12,1
2026-03-03,600519,14:51:12,1424.1400,2,1
2026-03-03,600519,14:51:15,1424.1801,20,1
2026-03-03,600519,14:51:18,1424.1801,9,2
2026-03-03,600519,14:51:21,1424.1000,6,2
2026-03-03,600519,14:51:24,1424.1400,5,1
2026-03-03,600519,14:51:27,1424.1300,6,1
2026-03-03,600519,14:51:30,1424.1400,4,1
2026-03-03,600519,14:51:33,1424.1300,16,2
2026-03-03,600519,14:51:36,1424.1300,1,2
2026-03-03,600519,14:51:39,1424.1200,11,2
2026-03-03,600519,14:51:42,1424.1300,3,1
2026-03-03,600519,14:51:46,1424.3600,8,1
2026-03-03,600519,14:51:48,1424.3600,2,1
2026-03-03,600519,14:51:51,1424.3500,3,1
2026-03-03,600519,14:51:54,1424.3500,7,1
2026-03-03,600519,14:51:57,1424.4900,11,1
2026-03-03,600519,14:52:00,1424.4900,6,1
2026-03-03,600519,14:52:03,1424.4900,10,1
2026-03-03,600519,14:52:06,1424.1000,10,2
2026-03-03,600519,14:52:09,1424.0200,8,2
2026-03-03,600519,14:52:12,1424.1000,5,2
2026-03-03,600519,14:52:15,1424.0300,6,2
2026-03-03,600519,14:52:18,1424.5000,6,2
2026-03-03,600519,14:52:22,1424.6400,19,1
2026-03-03,600519,14:52:24,1424.6000,5,1
2026-03-03,600519,14:52:27,1424.5900,4,1
2026-03-03,600519,14:52:30,1424.6400,11,1
2026-03-03,600519,14:52:33,1424.6500,9,1
2026-03-03,600519,14:52:36,1424.6801,7,1
2026-03-03,600519,14:52:39,1424.9700,9,1
2026-03-03,600519,14:52:42,1424.6899,9,2
2026-03-03,600519,14:52:45,1424.9900,7,1
2026-03-03,600519,14:52:48,1424.9900,5,2
2026-03-03,600519,14:52:51,1425.0000,12,1
2026-03-03,600519,14:52:55,1425.1200,11,1
2026-03-03,600519,14:52:57,1425.2000,7,1
2026-03-03,600519,14:53:00,1425.6700,7,1
2026-03-03,600519,14:53:03,1426.0000,18,1
2026-03-03,600519,14:53:06,1425.3300,11,2
2026-03-03,600519,14:53:09,1425.3199,23,2
2026-03-03,600519,14:53:12,1425.3500,7,2
2026-03-03,600519,14:53:15,1425.1899,12,2
2026-03-03,600519,14:53:18,1425.1801,8,2
2026-03-03,600519,14:53:22,1425.1400,4,2
2026-03-03,600519,14:53:24,1425.3000,1,1
2026-03-03,600519,14:53:27,1425.3101,10,1
2026-03-03,600519,14:53:30,1425.0000,15,2
2026-03-03,600519,14:53:33,1425.3101,10,1
2026-03-03,600519,14:53:37,1425.3199,4,1
2026-03-03,600519,14:53:39,1425.6000,4,1
2026-03-03,600519,14:53:42,1425.3700,5,2
2026-03-03,600519,14:53:45,1425.6100,8,1
2026-03-03,600519,14:53:49,1425.3199,2,2
2026-03-03,600519,14:53:52,1425.5900,3,1
2026-03-03,600519,14:53:54,1425.5900,8,1
2026-03-03,600519,14:53:57,1425.6000,28,1
2026-03-03,600519,14:54:00,1425.6100,16,1
2026-03-03,600519,14:54:03,1425.2800,24,2
2026-03-03,600519,14:54:06,1425.0000,26,2
2026-03-03,600519,14:54:09,1425.5699,3,1
2026-03-03,600519,14:54:12,1425.5601,5,1
2026-03-03,600519,14:54:15,1425.5601,7,1
2026-03-03,600519,14:54:19,1425.0601,7,2
2026-03-03,600519,14:54:21,1425.5400,14,1
2026-03-03,600519,14:54:24,1425.0699,12,2
2026-03-03,600519,14:54:27,1425.5500,7,1
2026-03-03,600519,14:54:30,1425.0800,10,2
2026-03-03,600519,14:54:33,1425.6000,11,1
2026-03-03,600519,14:54:36,1425.5000,6,2
2026-03-03,600519,14:54:39,1425.0900,4,2
2026-03-03,600519,14:54:42,1425.6000,8,1
2026-03-03,600519,14:54:45,1426.0100,17,1
2026-03-03,600519,14:54:48,1426.0100,17,1
2026-03-03,600519,14:54:51,1426.0300,6,1
2026-03-03,600519,14:54:54,1426.0000,3,1
2026-03-03,600519,14:54:57,1426.0000,13,1
2026-03-03,600519,14:55:01,1426.0200,10,1
2026-03-03,600519,14:55:03,1425.6899,80,2
2026-03-03,600519,14:55:06,1426.0000,15,2
2026-03-03,600519,14:55:10,1426.4200,8,1
2026-03-03,600519,14:55:12,1426.4900,5,1
2026-03-03,600519,14:55:15,1426.0000,21,2
2026-03-03,600519,14:55:18,1426.5900,17,1
2026-03-03,600519,14:55:21,1426.5900,11,1
2026-03-03,600519,14:55:24,1426.0100,4,2
2026-03-03,600519,14:55:27,1426.4500,11,1
2026-03-03,600519,14:55:31,1426.5900,5,1
2026-03-03,600519,14:55:33,1426.5800,4,2
2026-03-03,600519,14:55:37,1426.7600,28,1
2026-03-03,600519,14:55:40,1426.8700,10,1
2026-03-03,600519,14:55:42,1426.9700,28,1
2026-03-03,600519,14:55:45,1427.0300,7,1
2026-03-03,600519,14:55:48,1427.0100,29,2
2026-03-03,600519,14:55:51,1428.0000,11,1
2026-03-03,600519,14:55:55,1427.7900,5,1
2026-03-03,600519,14:55:57,1427.8000,11,1
2026-03-03,600519,14:56:00,1427.7900,25,1
2026-03-03,600519,14:56:03,1426.0300,35,2
2026-03-03,600519,14:56:06,1427.0000,14,2
2026-03-03,600519,14:56:09,1428.0300,29,1
2026-03-03,600519,14:56:12,1428.0500,29,1
2026-03-03,600519,14:56:15,1427.0000,24,2
2026-03-03,600519,14:56:19,1426.9500,13,1
2026-03-03,600519,14:56:21,1426.9500,2,1
2026-03-03,600519,14:56:24,1426.0400,23,2
2026-03-03,600519,14:56:27,1426.0300,13,2
2026-03-03,600519,14:56:30,1426.4100,8,1
2026-03-03,600519,14:56:34,1426.7500,3,1
2026-03-03,600519,14:56:36,1426.4200,3,1
2026-03-03,600519,14:56:39,1426.4100,6,2
2026-03-03,600519,14:56:42,1426.4100,2,1
2026-03-03,600519,14:56:46,1426.4200,2,1
2026-03-03,600519,14:56:48,1426.4301,15,1
2026-03-03,600519,14:56:51,1426.0601,2,1
2026-03-03,600519,14:56:54,1425.6000,5,2
2026-03-03,600519,14:56:57,1426.4200,5,1
2026-03-03,600519,14:57:00,1426.4200,4,1
2026-03-03,600519,15:00:04,1426.1899,685,4
2026-03-03,600519,13:11:39,1447.7800,1,1
2026-03-03,600519,13:11:42,1447.7800,2,1
2026-03-03,600519,13:11:45,1447.7800,1,1
2026-03-03,600519,13:11:48,1447.7000,6,1
2026-03-03,600519,13:11:51,1447.6899,13,1
2026-03-03,600519,13:11:54,1446.7200,22,2
2026-03-03,600519,13:11:57,1446.0000,19,2
2026-03-03,600519,13:12:00,1445.5900,2,2
2026-03-03,600519,13:12:03,1445.4500,13,2
2026-03-03,600519,13:12:07,1445.5900,3,1
2026-03-03,600519,13:12:10,1445.4399,4,2
2026-03-03,600519,13:12:12,1445.4800,5,1
2026-03-03,600519,13:12:16,1445.8900,8,1
2026-03-03,600519,13:12:18,1446.0000,2,2
2026-03-03,600519,13:12:21,1446.4399,7,1
2026-03-03,600519,13:12:24,1446.1801,2,2
2026-03-03,600519,13:12:28,1446.4399,2,1
2026-03-03,600519,13:12:30,1446.2500,3,1
2026-03-03,600519,13:12:33,1446.2500,1,2
2026-03-03,600519,13:12:36,1446.2500,4,2
2026-03-03,600519,13:12:39,1446.7200,10,1
2026-03-03,600519,13:12:43,1446.3500,7,2
2026-03-03,600519,13:12:45,1447.0000,12,1
2026-03-03,600519,13:12:48,1446.7200,6,2
2026-03-03,600519,13:12:51,1447.0100,6,1
2026-03-03,600519,13:12:54,1447.0000,7,2
2026-03-03,600519,13:12:57,1447.4100,6,1
2026-03-03,600519,13:13:01,1447.8000,7,1
2026-03-03,600519,13:13:03,1448.4800,43,1
2026-03-03,600519,13:13:06,1448.5601,31,1
2026-03-03,600519,13:13:09,1448.8800,10,1
2026-03-03,600519,13:13:13,1448.4100,11,2
2026-03-03,600519,13:13:15,1448.8800,1,1
2026-03-03,600519,13:13:19,1448.6200,4,2
2026-03-03,600519,13:13:21,1448.8800,7,1
2026-03-03,600519,13:13:25,1449.0300,64,1
2026-03-03,600519,13:13:27,1449.8000,7,1
2026-03-03,600519,13:13:30,1449.7900,7,1
2026-03-03,600519,13:13:33,1449.8000,28,1
2026-03-03,600519,13:13:36,1449.8800,10,1
2026-03-03,600519,13:13:39,1449.8800,10,1
2026-03-03,600519,13:13:42,1449.6000,51,2
2026-03-03,600519,13:13:45,1449.8800,7,1
2026-03-03,600519,13:13:48,1450.0000,34,1
2026-03-03,600519,13:13:51,1450.3300,52,1
2026-03-03,600519,13:13:54,1451.1100,23,1
2026-03-03,600519,13:13:57,1451.1400,7,2
2026-03-03,600519,13:14:01,1452.4900,29,1
2026-03-03,600519,13:14:03,1452.3300,114,1
2026-03-03,600519,13:14:06,1452.5300,18,1
2026-03-03,600519,13:14:09,1451.1600,5,2
2026-03-03,600519,13:14:12,1452.8400,38,1
2026-03-03,600519,13:14:15,1451.1700,18,2
2026-03-03,600519,13:14:18,1451.8500,27,2
2026-03-03,600519,13:14:21,1452.2500,8,1
2026-03-03,600519,13:14:25,1452.0000,7,1
2026-03-03,600519,13:14:28,1451.1600,7,2
2026-03-03,600519,13:14:31,1451.8500,7,1
2026-03-03,600519,13:14:33,1450.0500,11,2
2026-03-03,600519,13:14:36,1450.0400,19,4
2026-03-03,600519,13:14:40,1449.8800,15,2
2026-03-03,600519,13:14:42,1450.0000,11,1
2026-03-03,600519,13:14:46,1449.8000,22,2
2026-03-03,600519,13:14:48,1450.0000,12,1
2026-03-03,600519,13:14:51,1449.0000,4,2
2026-03-03,600519,13:14:54,1447.9000,40,2
2026-03-03,600519,13:14:58,1448.3900,4,1
2026-03-03,600519,13:15:00,1448.6400,13,1
2026-03-03,600519,13:15:03,1448.1801,2,2
2026-03-03,600519,13:15:07,1449.6801,8,1
2026-03-03,600519,13:15:09,1448.3400,2,2
2026-03-03,600519,13:15:12,1449.6801,5,1
2026-03-03,600519,13:15:16,1449.6899,4,1
2026-03-03,600519,13:15:18,1449.6899,10,1
2026-03-03,600519,13:15:22,1449.6700,13,1
2026-03-03,600519,13:15:25,1449.8800,13,1
2026-03-03,600519,13:15:30,1449.5000,8,1
2026-03-03,600519,13:15:33,1449.4900,5,1
2026-03-03,600519,13:15:36,1449.8000,4,1
2026-03-03,600519,13:15:39,1449.5100,3,2
2026-03-03,600519,13:15:42,1449.5100,4,2
2026-03-03,600519,13:15:45,1449.8800,9,1
2026-03-03,600519,13:15:48,1449.6100,3,2
2026-03-03,600519,13:15:51,1449.5000,2,2
2026-03-03,600519,13:15:54,1449.4800,7,1
2026-03-03,600519,13:15:57,1449.5000,8,1
2026-03-03,600519,13:16:00,1448.1801,41,2
2026-03-03,600519,13:16:03,1448.0000,9,2
2026-03-03,600519,13:16:07,1449.0000,3,1
2026-03-03,600519,13:16:10,1449.0000,6,1
2026-03-03,600519,13:16:12,1449.0100,6,1
2026-03-03,600519,13:16:15,1449.0200,3,2
2026-03-03,600519,13:16:18,1449.0100,6,2
2026-03-03,600519,13:16:22,1449.0200,5,1
2026-03-03,600519,13:16:24,1447.0200,7,2
2026-03-03,600519,13:16:27,1448.9900,1,1
2026-03-03,600519,13:16:30,1448.0100,2,2
2026-03-03,600519,13:16:33,1448.9500,7,1
2026-03-03,600519,13:16:36,1447.2300,1,2
2026-03-03,600519,13:16:39,1448.9000,4,1
2026-03-03,600519,13:16:42,1448.5000,4,1
2026-03-03,600519,13:16:45,1446.7200,15,2
2026-03-03,600519,13:16:48,1446.2000,1,2
2026-03-03,600519,13:16:51,1446.1801,13,2
2026-03-03,600519,13:16:54,1446.7200,1,1
2026-03-03,600519,13:16:57,1445.9000,43,2
2026-03-03,600519,13:17:01,1446.6200,23,1
2026-03-03,600519,13:17:03,1446.2000,14,1
2026-03-03,600519,13:17:06,1445.9000,7,1
2026-03-03,600519,13:17:09,1445.0200,4,2
2026-03-03,600519,13:17:12,1445.9000,8,1
2026-03-03,600519,13:17:15,1446.0000,18,1
2026-03-03,600519,13:17:18,1446.0000,13,2
2026-03-03,600519,13:17:22,1446.0000,17,1
2026-03-03,600519,13:17:25,1444.9000,18,2
2026-03-03,600519,13:17:27,1444.1801,9,2
2026-03-03,600519,13:17:30,1443.2700,16,2
2026-03-03,600519,13:17:33,1443.2700,8,2
2026-03-03,600519,13:17:36,1443.2100,8,2
2026-03-03,600519,13:17:39,1442.8101,28,2
2026-03-03,600519,13:17:42,1443.0000,21,1
2026-03-03,600519,13:17:45,1441.4200,10,2
2026-03-03,600519,13:17:48,1441.4200,4,2
2026-03-03,600519,13:17:51,1441.4301,9,2
2026-03-03,600519,13:17:54,1441.4500,3,2
2026-03-03,600519,13:17:57,1441.4399,5,2
2026-03-03,600519,13:18:00,1442.0000,19,2
2026-03-03,600519,13:18:04,1440.8000,33,2
2026-03-03,600519,13:18:06,1440.1600,20,2
2026-03-03,600519,13:18:09,1440.9900,18,1
2026-03-03,600519,13:18:12,1440.0000,32,2
2026-03-03,600519,13:18:15,1438.5000,24,2
2026-03-03,600519,13:18:18,1438.5000,13,1
2026-03-03,600519,13:18:21,1437.0100,19,2
2026-03-03,600519,13:18:24,1437.2200,6,2
2026-03-03,600519,13:18:27,1438.4000,7,1
2026-03-03,600519,13:18:30,1438.4900,7,1
2026-03-03,600519,13:18:33,1438.5200,4,1
2026-03-03,600519,13:18:36,1438.4900,6,2
2026-03-03,600519,13:18:39,1438.5100,24,1
2026-03-03,600519,13:18:42,1438.0100,14,2
2026-03-03,600519,13:18:46,1437.3300,11,2
2026-03-03,600519,13:18:48,1438.0000,6,1
2026-03-03,600519,13:18:51,1438.0000,6,1
2026-03-03,600519,13:18:54,1437.9900,4,1
2026-03-03,600519,13:18:58,1437.9900,4,1
2026-03-03,600519,13:19:01,1438.0900,11,1
2026-03-03,600519,13:19:04,1438.1000,3,2
2026-03-03,600519,13:19:06,1437.9900,25,2
2026-03-03,600519,13:19:10,1437.7600,11,2
2026-03-03,600519,13:19:12,1437.8600,28,1
2026-03-03,600519,13:19:15,1437.8300,24,1
2026-03-03,600519,13:19:18,1437.4800,10,1
2026-03-03,600519,13:19:21,1437.0300,40,2
2026-03-03,600519,13:19:24,1437.4900,8,2
2026-03-03,600519,13:19:30,1437.4900,3,2
2026-03-03,600519,13:19:33,1437.4900,1,2
2026-03-03,600519,13:19:37,1437.2000,18,2
2026-03-03,600519,13:19:39,1436.0601,89,2
2026-03-03,600519,13:19:42,1435.6400,52,2
2026-03-03,600519,13:19:46,1435.8300,22,1
2026-03-03,600519,13:19:48,1435.8300,5,2
2026-03-03,600519,13:19:52,1435.8300,2,2
2026-03-03,600519,13:19:55,1436.1500,8,1
2026-03-03,600519,13:19:57,1436.3000,1,1
2026-03-03,600519,13:20:01,1436.8600,1,1
2026-03-03,600519,13:20:04,1436.3101,2,2
2026-03-03,600519,13:20:07,1436.3700,3,2
2026-03-03,600519,13:20:09,1436.8600,16,1
2026-03-03,600519,13:20:12,1436.2900,8,2
2026-03-03,600519,13:20:15,1436.1000,18,2
2026-03-03,600519,13:20:19,1436.9100,7,1
2026-03-03,600519,13:20:21,1436.1500,7,2
2026-03-03,600519,13:20:25,1436.3101,6,1
2026-03-03,600519,13:20:27,1436.3500,8,2
2026-03-03,600519,13:20:30,1436.3500,1,2
2026-03-03,600519,13:20:33,1436.7200,1,1
2026-03-03,600519,13:20:37,1436.3800,4,2
2026-03-03,600519,13:20:39,1436.7100,3,1
2026-03-03,600519,13:20:43,1436.7200,5,1
2026-03-03,600519,13:20:46,1436.6801,2,2
2026-03-03,600519,13:20:48,1436.7100,10,1
2026-03-03,600519,13:20:51,1436.6801,6,2
2026-03-03,600519,13:20:54,1436.7200,1,2
2026-03-03,600519,13:20:58,1436.7200,8,2
2026-03-03,600519,13:21:00,1436.7200,16,2
2026-03-03,600519,13:21:03,1437.0000,5,1
2026-03-03,600519,13:21:07,1436.8000,4,2
2026-03-03,600519,13:21:09,1436.8101,10,2
2026-03-03,600519,13:21:13,1436.8000,5,2
2026-03-03,600519,13:21:15,1436.8199,4,2
2026-03-03,600519,13:21:19,1436.8000,7,2
2026-03-03,600519,13:21:21,1436.8199,7,2
2026-03-03,600519,13:21:24,1436.8000,6,2
2026-03-03,600519,13:21:27,1436.1500,28,2
2026-03-03,600519,13:21:30,1435.7400,22,2
2026-03-03,600519,13:21:34,1435.2400,9,2
2026-03-03,600519,13:21:36,1435.9800,7,1
2026-03-03,600519,13:21:40,1435.7500,2,2
2026-03-03,600519,13:21:42,1435.7500,1,2
2026-03-03,600519,13:21:45,1435.7500,3,2
2026-03-03,600519,13:21:48,1435.7400,3,2
2026-03-03,600519,13:21:51,1435.9700,2,1
2026-03-03,600519,13:21:54,1435.7600,3,2
2026-03-03,600519,13:21:57,1435.9700,2,1
2026-03-03,600519,13:22:00,1435.9800,5,1
2026-03-03,600519,13:22:03,1436.0900,7,1
2026-03-03,600519,13:22:06,1435.9800,6,2
2026-03-03,600519,13:22:09,1437.0500,2,1
2026-03-03,600519,13:22:13,1436.1100,1,2
2026-03-03,600519,13:22:15,1437.0400,7,1
2026-03-03,600519,13:22:18,1436.1200,3,2
2026-03-03,600519,13:22:22,1436.1600,3,2
2026-03-03,600519,13:22:24,1436.1100,2,2
2026-03-03,600519,13:22:27,1437.0300,5,1
2026-03-03,600519,13:22:30,1436.2700,6,2
2026-03-03,600519,13:22:36,1437.0400,2,1
2026-03-03,600519,13:22:39,1437.8700,13,1
2026-03-03,600519,13:22:43,1436.3900,1,2
2026-03-03,600519,13:22:45,1438.1000,24,1
2026-03-03,600519,13:22:48,1437.5000,3,1
2026-03-03,600519,13:22:51,1437.5000,1,1
2026-03-03,600519,13:22:54,1437.4900,7,1
2026-03-03,600519,13:22:57,1437.4900,1,1
2026-03-03,600519,13:23:00,1436.5000,3,2
2026-03-03,600519,13:23:03,1437.0300,5,1
2026-03-03,600519,13:23:06,1436.5000,7,2
2026-03-03,600519,13:23:09,1436.3900,37,2
2026-03-03,600519,13:23:12,1436.3101,13,2
2026-03-03,600519,13:23:16,1436.1100,20,2
2026-03-03,600519,13:23:18,1436.3000,1,2
2026-03-03,600519,13:23:21,1436.3000,1,2
2026-03-03,600519,13:23:25,1436.4900,4,1
2026-03-03,600519,13:23:27,1436.4900,3,1
2026-03-03,600519,13:23:31,1436.4900,2,1
2026-03-03,600519,13:23:33,1436.2700,4,2
2026-03-03,600519,13:23:36,1435.9700,45,2
2026-03-03,600519,13:23:39,1435.7300,10,2
2026-03-03,600519,13:23:43,1435.2700,5,2
2026-03-03,600519,13:23:45,1435.7400,15,1
2026-03-03,600519,13:23:48,1435.7500,20,1
2026-03-03,600519,13:23:51,1435.7500,3,1
2026-03-03,600519,13:23:54,1435.7400,2,1
2026-03-03,600519,13:23:58,1435.7500,1,1
2026-03-03,600519,13:24:01,1435.7500,4,1
2026-03-03,600519,13:24:03,1435.7700,6,1
2026-03-03,600519,13:24:06,1435.9700,2,1
2026-03-03,600519,13:24:09,1436.5200,3,1
2026-03-03,600519,13:24:12,1436.5200,7,1
2026-03-03,600519,13:24:16,1436.5200,20,1
2026-03-03,600519,13:24:19,1436.6200,7,1
2026-03-03,600519,13:24:22,1436.6200,6,1
2026-03-03,600519,13:24:24,1436.5200,7,1
2026-03-03,600519,13:24:31,1437.9399,1,1
2026-03-03,600519,13:24:33,1436.6200,2,2
2026-03-03,600519,13:24:37,1437.8300,5,1
2026-03-03,600519,13:24:39,1437.8300,1,1
2026-03-03,600519,13:24:42,1436.6300,2,2
2026-03-03,600519,13:24:46,1437.8199,2,1
2026-03-03,600519,13:24:48,1437.8400,4,1
2026-03-03,600519,13:24:51,1437.8300,3,1
2026-03-03,600519,13:24:55,1437.5400,4,1
2026-03-03,600519,13:24:58,1437.5400,3,1
2026-03-03,600519,13:25:00,1437.6400,3,1
2026-03-03,600519,13:25:03,1436.6100,30,2
2026-03-03,600519,13:25:06,1436.5900,20,1
2026-03-03,600519,13:25:10,1435.9200,16,2
2026-03-03,600519,13:25:12,1435.9100,5,1
2026-03-03,600519,13:25:16,1435.5500,20,2
2026-03-03,600519,13:25:18,1435.9100,6,2
2026-03-03,600519,13:25:21,1435.8101,4,2
2026-03-03,600519,13:25:24,1436.0000,1,2
2026-03-03,600519,13:25:27,1435.6500,3,2
2026-03-03,600519,13:25:30,1435.6500,1,2
2026-03-03,600519,13:25:36,1436.7700,1,1
2026-03-03,600519,13:25:39,1436.0200,3,2
2026-03-03,600519,13:25:42,1436.7700,1,1
2026-03-03,600519,13:25:46,1436.6500,4,1
2026-03-03,600519,13:25:48,1436.7800,1,1
2026-03-03,600519,13:25:51,1436.6500,2,1
2026-03-03,600519,13:25:54,1436.7500,3,1
2026-03-03,600519,13:25:57,1436.5000,3,2
2026-03-03,600519,13:26:01,1436.7700,4,1
2026-03-03,600519,13:26:03,1436.0900,2,2
2026-03-03,600519,13:26:06,1436.1000,2,2
2026-03-03,600519,13:26:09,1436.6400,1,1
2026-03-03,600519,13:26:12,1436.6500,4,1
2026-03-03,600519,13:26:16,1436.6500,3,1
2026-03-03,600519,13:26:18,1436.6500,3,2
2026-03-03,600519,13:26:25,1436.6600,6,1
2026-03-03,600519,13:26:27,1436.1500,5,2
2026-03-03,600519,13:26:30,1436.1500,1,2
2026-03-03,600519,13:26:34,1436.5000,1,1
2026-03-03,600519,13:26:36,1436.1899,2,2
2026-03-03,600519,13:26:39,1436.5000,5,1
2026-03-03,600519,13:26:42,1436.2500,6,2
2026-03-03,600519,13:26:45,1436.4900,5,1
2026-03-03,600519,13:26:48,1436.3000,8,2
2026-03-03,600519,13:26:52,1436.5000,3,1
2026-03-03,600519,13:26:54,1436.5000,6,1
2026-03-03,600519,13:26:58,1436.2900,23,1
2026-03-03,600519,13:27:00,1436.0000,21,2
2026-03-03,600519,13:27:03,1435.6600,2,2
2026-03-03,600519,13:27:06,1436.0000,2,1
2026-03-03,600519,13:27:09,1436.0000,2,1
2026-03-03,600519,13:27:12,1435.6600,3,2
2026-03-03,600519,13:27:16,1435.6600,7,2
2026-03-03,600519,13:27:18,1435.6600,3,1
2026-03-03,600519,13:27:21,1436.0000,1,1
2026-03-03,600519,13:27:24,1435.7000,2,2
2026-03-03,600519,13:27:27,1435.6500,7,2
2026-03-03,600519,13:27:31,1436.0000,3,1
2026-03-03,600519,13:27:33,1436.0000,2,1
2026-03-03,600519,13:27:37,1436.1000,9,1
2026-03-03,600519,13:27:39,1436.0000,1,2
2026-03-03,600519,13:27:42,1436.1000,2,1
2026-03-03,600519,13:27:45,1435.7100,1,2
2026-03-03,600519,13:27:48,1435.9900,1,1
2026-03-03,600519,13:27:51,1435.7900,4,2
2026-03-03,600519,13:27:57,1436.0601,2,1
2026-03-03,600519,13:28:00,1435.8800,1,2
2026-03-03,600519,13:28:03,1436.0100,7,2
2026-03-03,600519,13:28:06,1436.2900,5,1
2026-03-03,600519,13:28:09,1436.1000,4,1
2026-03-03,600519,13:28:13,1435.8900,22,2
2026-03-03,600519,13:28:15,1435.6200,18,2
2026-03-03,600519,13:28:18,1435.6700,7,1
2026-03-03,600519,13:28:21,1435.3000,1,2
2026-03-03,600519,13:28:24,1435.6600,1,1
2026-03-03,600519,13:28:27,1435.6500,3,1
2026-03-03,600519,13:28:30,1435.6300,2,1
2026-03-03,600519,13:28:33,1435.2500,33,2
2026-03-03,600519,13:28:36,1435.1100,25,2
2026-03-03,600519,13:28:40,1435.1000,2,2
2026-03-03,600519,13:28:42,1435.2500,29,2
2026-03-03,600519,13:28:45,1435.1000,1,2
2026-03-03,600519,13:28:49,1435.1100,2,2
2026-03-03,600519,13:28:52,1436.2800,29,1
2026-03-03,600519,13:28:54,1436.2500,2,1
2026-03-03,600519,13:28:57,1435.6300,1,2
2026-03-03,600519,13:29:00,1436.2500,11,1
2026-03-03,600519,13:29:03,1435.1100,3,2
2026-03-03,600519,13:29:06,1435.5900,4,2
2026-03-03,600519,13:29:09,1435.2000,1,2
2026-03-03,600519,13:29:12,1435.0100,20,2
2026-03-03,600519,13:29:15,1435.1000,3,2
2026-03-03,600519,13:29:18,1435.0500,1,2
2026-03-03,600519,13:29:21,1434.7200,96,2
2026-03-03,600519,13:29:24,1434.0000,14,2
2026-03-03,600519,13:29:27,1434.2600,8,1
2026-03-03,600519,13:29:30,1434.2600,2,1
2026-03-03,600519,13:29:33,1435.1000,11,1
2026-03-03,600519,13:29:36,1435.6801,4,1
2026-03-03,600519,13:29:39,1434.0100,6,2
2026-03-03,600519,13:29:45,1435.6200,5,1
2026-03-03,600519,13:29:54,1435.6000,1,1
2026-03-03,600519,13:29:57,1435.6100,6,1
2026-03-03,600519,13:30:04,1435.5900,4,1
2026-03-03,600519,13:30:06,1435.6000,4,1
2026-03-03,600519,13:30:09,1435.0100,1,2
2026-03-03,600519,13:30:13,1435.5900,5,1
2026-03-03,600519,13:30:15,1435.0100,3,2
2026-03-03,600519,13:30:19,1435.0100,3,2
2026-03-03,600519,13:30:21,1434.7000,5,2
2026-03-03,600519,13:30:25,1434.7000,10,1
2026-03-03,600519,13:30:27,1434.3000,5,2
2026-03-03,600519,13:30:31,1433.1300,28,2
2026-03-03,600519,13:30:33,1434.0200,2,1
2026-03-03,600519,13:30:37,1433.1300,4,2
2026-03-03,600519,13:30:39,1433.6100,2,1
2026-03-03,600519,13:30:42,1433.7100,15,1
2026-03-03,600519,13:30:46,1433.1700,2,2
2026-03-03,600519,13:30:49,1433.1600,1,2
2026-03-03,600519,13:30:52,1433.1400,7,2
2026-03-03,600519,13:30:54,1433.2600,7,1
2026-03-03,600519,13:31:01,1433.2600,1,1
2026-03-03,600519,13:31:03,1433.3600,8,1
2026-03-03,600519,13:31:10,1433.7100,4,1
2026-03-03,600519,13:31:12,1433.7100,1,1
2026-03-03,600519,13:31:15,1433.5000,42,2
2026-03-03,600519,13:31:18,1433.7500,34,1
2026-03-03,600519,13:31:21,1433.8600,3,2
2026-03-03,600519,13:31:25,1433.8700,1,2
2026-03-03,600519,13:31:27,1434.5100,1,1
2026-03-03,600519,13:31:33,1433.9000,8,2
2026-03-03,600519,13:31:37,1434.0000,1,2
2026-03-03,600519,13:31:39,1434.5200,5,1
2026-03-03,600519,13:31:42,1434.0000,4,2
2026-03-03,600519,13:31:45,1433.9100,6,2
2026-03-03,600519,13:31:52,1434.0000,3,2
2026-03-03,600519,13:31:54,1434.4900,4,1
2026-03-03,600519,13:31:58,1434.4900,3,1
2026-03-03,600519,13:32:00,1434.0000,2,2
2026-03-03,600519,13:32:03,1433.9200,19,2
2026-03-03,600519,13:32:07,1433.7000,23,2
2026-03-03,600519,13:32:09,1433.3400,13,2
2026-03-03,600519,13:32:12,1433.1500,20,2
2026-03-03,600519,13:32:16,1432.5000,53,2
2026-03-03,600519,13:32:18,1432.0200,12,2
2026-03-03,600519,13:32:21,1432.4900,17,1
2026-03-03,600519,13:32:25,1433.1000,5,1
2026-03-03,600519,13:32:30,1433.1000,1,1
2026-03-03,600519,13:32:33,1433.1700,2,1
2026-03-03,600519,13:32:36,1433.1700,20,1
2026-03-03,600519,13:32:39,1432.5400,2,2
2026-03-03,600519,13:32:42,1433.1700,3,1
2026-03-03,600519,13:32:45,1432.5500,1,2
2026-03-03,600519,13:32:49,1432.5500,1,2
2026-03-03,600519,13:33:01,1432.6000,1,2
2026-03-03,600519,13:33:04,1432.5400,19,2
2026-03-03,600519,13:33:06,1432.2900,7,2
2026-03-03,600519,13:33:09,1432.3400,4,1
2026-03-03,600519,13:33:13,1431.8800,21,2
2026-03-03,600519,13:33:15,1432.0200,3,1
2026-03-03,600519,13:33:18,1431.4200,3,2
2026-03-03,600519,13:33:21,1431.3600,4,2
2026-03-03,600519,13:33:25,1431.5200,1,1
2026-03-03,600519,13:33:28,1431.2200,6,2
2026-03-03,600519,13:33:30,1431.2000,7,2
2026-03-03,600519,13:33:33,1431.2000,10,2
2026-03-03,600519,13:33:36,1431.5500,2,1
2026-03-03,600519,13:33:39,1431.5500,13,1
2026-03-03,600519,13:33:42,1431.2300,4,2
2026-03-03,600519,13:33:46,1431.5500,7,1
2026-03-03,600519,13:33:48,1431.5500,3,2
2026-03-03,600519,13:33:51,1431.5500,1,2
2026-03-03,600519,13:33:57,1431.8700,5,1
2026-03-03,600519,13:34:00,1431.5800,3,2
2026-03-03,600519,13:34:04,1431.8600,3,1
2026-03-03,600519,13:34:06,1431.5100,6,2
2026-03-03,600519,13:34:09,1431.2100,7,2
2026-03-03,600519,13:34:13,1431.3700,18,1
2026-03-03,600519,13:34:16,1431.3800,4,1
2026-03-03,600519,13:34:18,1431.2000,1,2
2026-03-03,600519,13:34:21,1431.1300,6,2
2026-03-03,600519,13:34:24,1431.1200,3,2
2026-03-03,600519,13:34:27,1431.1200,2,2
2026-03-03,600519,13:34:31,1431.1100,5,2
2026-03-03,600519,13:34:33,1431.1100,2,2
2026-03-03,600519,13:34:36,1431.1100,3,2
2026-03-03,600519,13:34:39,1431.1200,2,1
2026-03-03,600519,13:34:42,1431.1200,4,1
2026-03-03,600519,13:34:46,1431.1300,9,1
2026-03-03,600519,13:34:48,1431.1200,7,2
2026-03-03,600519,13:34:51,1431.1899,6,1
2026-03-03,600519,13:34:55,1431.1801,1,1
2026-03-03,600519,13:34:57,1431.1899,2,1
2026-03-03,600519,13:35:00,1430.6200,55,2
2026-03-03,600519,13:35:03,1430.6300,14,1
2026-03-03,600519,13:35:06,1430.3101,5,2
2026-03-03,600519,13:35:09,1430.5000,3,2
2026-03-03,600519,13:35:12,1430.5000,3,1
2026-03-03,600519,13:35:15,1430.6100,8,1
2026-03-03,600519,13:35:18,1430.3199,3,2
2026-03-03,600519,13:35:21,1430.1500,1,2
2026-03-03,600519,13:35:25,1430.6200,3,1
2026-03-03,600519,13:35:27,1430.3300,5,1
2026-03-03,600519,13:35:30,1430.3300,1,1
2026-03-03,600519,13:35:33,1430.3199,9,1
2026-03-03,600519,13:35:37,1430.1801,51,2
2026-03-03,600519,13:35:39,1430.3300,7,1
2026-03-03,600519,13:35:42,1430.7800,9,1
2026-03-03,600519,13:35:45,1430.2000,6,2
2026-03-03,600519,13:35:48,1430.7700,5,1
2026-03-03,600519,13:35:51,1430.2000,2,2
2026-03-03,600519,13:35:54,1430.2000,12,2
2026-03-03,600519,13:35:57,1430.1899,1,2
2026-03-03,600519,13:36:00,1430.7700,5,1
2026-03-03,600519,13:36:06,1430.2500,5,2
2026-03-03,600519,13:36:09,1430.7700,3,1
2026-03-03,600519,13:36:12,1430.7800,8,1
2026-03-03,600519,13:36:15,1430.7900,6,1
2026-03-03,600519,13:36:19,1430.8000,3,1
2026-03-03,600519,13:36:22,1430.8000,3,1
2026-03-03,600519,13:36:25,1430.7900,2,4
2026-03-03,600519,13:36:27,1430.8800,4,1
2026-03-03,600519,13:36:30,1430.8101,1,2
2026-03-03,600519,13:36:36,1430.8700,2,1
2026-03-03,600519,13:36:39,1430.8400,2,2
2026-03-03,600519,13:36:43,1430.8800,5,1
2026-03-03,600519,13:36:45,1430.8700,8,2
2026-03-03,600519,13:36:48,1431.2100,16,1
2026-03-03,600519,13:36:51,1431.2100,2,2
2026-03-03,600519,13:36:54,1431.4399,3,1
2026-03-03,600519,13:36:57,1431.4399,1,1
2026-03-03,600519,13:37:01,1431.2100,7,2
2026-03-03,600519,13:37:04,1431.3500,18,2
2026-03-03,600519,13:37:07,1431.2000,34,2
2026-03-03,600519,13:37:09,1430.8800,4,2
2026-03-03,600519,13:37:12,1430.8400,7,2
2026-03-03,600519,13:37:15,1430.8300,2,2
2026-03-03,600519,13:37:18,1430.8101,7,2
2026-03-03,600519,13:37:21,1430.8000,4,2
2026-03-03,600519,13:37:27,1431.2000,13,2
2026-03-03,600519,13:37:30,1431.2000,1,1
2026-03-03,600519,13:37:34,1431.2000,3,1
2026-03-03,600519,13:37:36,1430.8199,6,2
2026-03-03,600519,13:37:40,1431.0000,1,2
2026-03-03,600519,13:37:42,1430.8400,1,2
2026-03-03,600519,13:37:45,1431.2900,1,1
2026-03-03,600519,13:37:48,1430.8500,2,2
2026-03-03,600519,13:37:51,1431.0900,3,1
2026-03-03,600519,13:37:54,1430.9100,1,2
2026-03-03,600519,13:37:57,1430.5000,51,2
2026-03-03,600519,13:38:00,1430.6600,8,1
2026-03-03,600519,13:38:03,1430.6600,7,2
2026-03-03,600519,13:38:06,1430.5000,6,1
2026-03-03,600519,13:38:10,1430.2100,5,2
2026-03-03,600519,13:38:12,1430.2100,8,1
2026-03-03,600519,13:38:15,1430.2200,1,1
2026-03-03,600519,13:38:18,1430.2000,2,2
2026-03-03,600519,13:38:21,1430.2700,1,2
2026-03-03,600519,13:38:24,1430.2100,6,2
2026-03-03,600519,13:38:31,1430.4900,3,1
2026-03-03,600519,13:38:33,1430.2800,2,2
2026-03-03,600519,13:38:36,1430.5000,3,1
2026-03-03,600519,13:38:39,1430.5000,1,1
2026-03-03,600519,13:38:42,1430.5000,7,1
2026-03-03,600519,13:38:45,1430.4900,4,1
2026-03-03,600519,13:38:48,1430.5000,5,1
2026-03-03,600519,13:38:51,1430.5000,3,1
2026-03-03,600519,13:38:54,1430.5000,4,1
2026-03-03,600519,13:38:57,1430.6500,6,1
2026-03-03,600519,13:39:04,1430.6400,3,1
2026-03-03,600519,13:39:06,1430.6400,2,1
2026-03-03,600519,13:39:09,1430.6899,6,1
2026-03-03,600519,13:39:12,1430.6600,8,2
2026-03-03,600519,13:39:15,1431.1100,6,1
2026-03-03,600519,13:39:18,1431.0200,1,2
2026-03-03,600519,13:39:24,1431.0100,10,2
2026-03-03,600519,13:39:27,1431.1801,4,1
2026-03-03,600519,13:39:30,1431.0000,11,2
2026-03-03,600519,13:39:33,1431.0000,7,1
2026-03-03,600519,13:39:36,1430.9200,6,2
2026-03-03,600519,13:39:39,1431.0000,2,1
2026-03-03,600519,13:39:42,1430.9100,1,2
2026-03-03,600519,13:39:48,1430.9100,2,1
2026-03-03,600519,13:39:54,1430.9100,6,1
2026-03-03,600519,13:39:57,1430.9100,4,1
2026-03-03,600519,13:40:00,1431.0000,2,1
2026-03-03,600519,13:40:03,1431.0000,7,1
2026-03-03,600519,13:40:06,1430.7200,2,2
2026-03-03,600519,13:40:10,1431.0000,3,1
2026-03-03,600519,13:40:12,1430.7100,6,2
2026-03-03,600519,13:40:19,1430.8800,4,1
2026-03-03,600519,13:40:21,1431.3000,15,1
2026-03-03,600519,13:40:25,1431.3000,8,2
2026-03-03,600519,13:40:27,1431.3500,2,1
2026-03-03,600519,13:40:31,1431.4200,1,1
2026-03-03,600519,13:40:33,1431.8800,14,1
2026-03-03,600519,13:40:36,1431.8800,14,2
2026-03-03,600519,13:40:40,1431.8900,3,1
2026-03-03,600519,13:40:42,1432.1801,25,1
2026-03-03,600519,13:40:45,1431.8800,8,2
2026-03-03,600519,13:40:48,1431.9800,2,1
2026-03-03,600519,13:40:51,1431.9800,2,1
2026-03-03,600519,13:40:54,1431.9000,2,2
2026-03-03,600519,13:40:57,1432.1801,2,1
2026-03-03,600519,13:41:00,1431.8600,9,2
2026-03-03,600519,13:41:03,1431.8600,18,1
2026-03-03,600519,13:41:06,1431.9600,1,1
2026-03-03,600519,13:41:09,1431.9600,3,1
2026-03-03,600519,13:41:12,1431.8700,2,2
2026-03-03,600519,13:41:16,1432.0601,7,1
2026-03-03,600519,13:41:19,1433.3900,18,1
2026-03-03,600519,13:41:21,1432.1600,2,1
2026-03-03,600519,13:41:24,1432.1600,5,1
2026-03-03,600519,13:41:28,1432.0601,18,2
2026-03-03,600519,13:41:31,1432.1600,2,2
2026-03-03,600519,13:41:33,1432.1600,10,2
2026-03-03,600519,13:41:37,1433.1000,2,1
2026-03-03,600519,13:41:39,1432.1000,1,2
2026-03-03,600519,13:41:42,1432.0900,10,1
2026-03-03,600519,13:41:45,1431.9600,1,2
2026-03-03,600519,13:41:48,1431.8199,4,2
2026-03-03,600519,13:41:51,1431.7600,4,2
2026-03-03,600519,13:41:54,1431.8101,20,1
2026-03-03,600519,13:41:58,1431.4200,3,2
2026-03-03,600519,13:42:00,1431.4200,2,2
2026-03-03,600519,13:42:03,1431.4301,5,1
2026-03-03,600519,13:42:12,1431.4399,3,1
2026-03-03,600519,13:42:15,1431.4900,2,1
2026-03-03,600519,13:42:18,1431.4900,2,1
2026-03-03,600519,13:42:24,1431.4500,4,2
2026-03-03,600519,13:42:30,1431.4900,1,2
2026-03-03,600519,13:42:33,1432.0900,4,1
2026-03-03,600519,13:42:36,1432.0900,1,1
2026-03-03,600519,13:42:39,1431.4399,3,2
2026-03-03,600519,13:42:42,1432.0900,13,1
2026-03-03,600519,13:42:49,1432.0800,2,1
2026-03-03,600519,13:42:52,1432.1000,2,1
2026-03-03,600519,13:42:54,1432.3700,5,1
2026-03-03,600519,13:42:57,1432.7100,4,1
2026-03-03,600519,13:43:00,1432.1000,1,2
2026-03-03,600519,13:43:04,1432.7100,5,1
2026-03-03,600519,13:43:06,1432.7100,2,1
2026-03-03,600519,13:43:09,1432.6801,4,1
2026-03-03,600519,13:43:13,1431.5000,19,2
2026-03-03,600519,13:43:15,1431.0000,9,2
2026-03-03,600519,13:43:18,1430.7900,13,2
2026-03-03,600519,13:43:21,1430.6600,5,2
2026-03-03,600519,13:43:25,1430.6400,2,2
2026-03-03,600519,13:43:27,1430.6400,2,2
2026-03-03,600519,13:43:30,1430.2700,18,2
2026-03-03,600519,13:43:33,1430.6400,4,1
2026-03-03,600519,13:43:36,1430.6400,1,1
2026-03-03,600519,13:43:39,1430.0800,65,2
2026-03-03,600519,13:43:42,1430.0800,7,2
2026-03-03,600519,13:43:45,1430.0400,4,2
2026-03-03,600519,13:43:48,1430.0400,30,2
2026-03-03,600519,13:43:52,1430.1000,4,1
2026-03-03,600519,13:43:55,1430.2000,2,1
2026-03-03,600519,13:43:57,1430.0300,8,2
2026-03-03,600519,13:44:00,1430.1000,1,2
2026-03-03,600519,13:44:03,1430.1100,1,2
2026-03-03,600519,13:44:06,1430.1000,5,2
2026-03-03,600519,13:44:09,1430.1100,8,2
2026-03-03,600519,13:44:12,1430.0200,3,2
2026-03-03,600519,13:44:15,1430.1100,6,1
2026-03-03,600519,13:44:18,1430.1100,23,2
2026-03-03,600519,13:44:21,1430.2000,15,1
2026-03-03,600519,13:44:24,1430.2400,5,1
2026-03-03,600519,13:44:27,1430.2100,1,2
2026-03-03,600519,13:44:30,1430.2100,2,1
2026-03-03,600519,13:44:36,1430.2400,2,1
2026-03-03,600519,13:44:39,1430.2300,4,2
2026-03-03,600519,13:44:42,1430.6300,2,1
2026-03-03,600519,13:44:45,1430.3000,1,2
2026-03-03,600519,13:44:48,1430.3101,3,2
2026-03-03,600519,13:44:51,1430.6400,6,1
2026-03-03,600519,13:44:55,1430.9200,2,1
2026-03-03,600519,13:44:57,1431.3800,8,1
2026-03-03,600519,13:45:01,1431.3800,13,1
2026-03-03,600519,13:45:03,1431.3800,6,1
2026-03-03,600519,13:45:09,1431.1801,2,1
2026-03-03,600519,13:45:12,1431.5000,118,1
2026-03-03,600519,13:45:15,1430.9200,10,2
2026-03-03,600519,13:45:18,1430.9500,2,2
2026-03-03,600519,13:45:22,1431.4900,6,1
2026-03-03,600519,13:45:24,1431.5000,6,2
2026-03-03,600519,13:45:34,1431.5400,2,1
2026-03-03,600519,13:45:36,1431.9100,5,1
2026-03-03,600519,13:45:45,1431.7100,1,1
2026-03-03,600519,13:45:48,1431.5601,2,2
2026-03-03,600519,13:45:57,1431.9900,2,1
2026-03-03,600519,13:46:01,1431.6000,3,2
2026-03-03,600519,13:46:03,1431.9900,2,1
2026-03-03,600519,13:46:07,1431.9800,7,1
2026-03-03,600519,13:46:09,1431.9900,1,1
2026-03-03,600519,13:46:12,1432.0000,1,1
2026-03-03,600519,13:46:15,1431.9900,6,2
2026-03-03,600519,13:46:18,1431.6000,18,2
2026-03-03,600519,13:46:21,1431.6000,3,1
2026-03-03,600519,13:46:25,1431.6000,1,1
2026-03-03,600519,13:46:28,1431.5900,7,1
2026-03-03,600519,13:46:31,1431.5900,3,1
2026-03-03,600519,13:46:33,1431.5800,3,1
2026-03-03,600519,13:46:37,1431.5800,1,1
2026-03-03,600519,13:46:39,1431.5601,2,2
2026-03-03,600519,13:46:42,1431.5601,1,2
2026-03-03,600519,13:46:45,1431.5601,1,2
2026-03-03,600519,13:46:48,1431.5100,10,2
2026-03-03,600519,13:46:51,1431.5400,25,1
2026-03-03,600519,13:46:57,1431.5800,1,1
2026-03-03,600519,13:47:00,1431.5699,5,2
2026-03-03,600519,13:47:03,1431.5699,2,2
2026-03-03,600519,13:47:06,1431.5699,1,1
2026-03-03,600519,13:47:12,1431.5900,3,1
2026-03-03,600519,13:47:15,1431.7400,1,2
2026-03-03,600519,13:47:18,1432.0000,7,1
2026-03-03,600519,13:47:22,1431.7400,1,1
2026-03-03,600519,13:47:24,1431.7400,3,1
2026-03-03,600519,13:47:27,1431.7000,4,2
2026-03-03,600519,13:47:30,1431.7400,2,2
2026-03-03,600519,13:47:33,1431.7000,2,2
2026-03-03,600519,13:47:36,1431.7900,1,1
2026-03-03,600519,13:47:40,1431.7900,1,1
2026-03-03,600519,13:47:42,1431.7000,2,2
2026-03-03,600519,13:47:45,1431.7900,1,1
2026-03-03,600519,13:47:48,1431.7400,4,2
2026-03-03,600519,13:47:51,1431.6500,8,2
2026-03-03,600519,13:47:54,1431.6899,6,1
2026-03-03,600519,13:47:57,1431.6000,3,2
2026-03-03,600519,13:48:01,1431.5000,4,2
2026-03-03,600519,13:48:03,1431.4399,1,2
2026-03-03,600519,13:48:06,1431.3900,1,2
2026-03-03,600519,13:48:12,1431.3800,4,1
2026-03-03,600519,13:48:16,1431.3800,4,1
2026-03-03,600519,13:48:18,1431.3800,2,1
2026-03-03,600519,13:48:21,1431.3800,1,1
2026-03-03,600519,13:48:24,1431.4399,6,1
2026-03-03,600519,13:48:27,1431.0200,6,2
2026-03-03,600519,13:48:30,1431.5500,4,1
2026-03-03,600519,13:48:36,1431.4301,1,1
2026-03-03,600519,13:48:39,1431.4301,3,1
2026-03-03,600519,13:48:42,1431.0400,2,2
2026-03-03,600519,13:48:46,1431.5601,3,1
2026-03-03,600519,13:48:48,1431.0500,3,2
2026-03-03,600519,13:48:51,1431.0100,3,2
2026-03-03,600519,13:48:54,1431.3900,2,1
2026-03-03,600519,13:48:57,1431.0100,3,2
2026-03-03,600519,13:49:00,1431.1801,4,2
2026-03-03,600519,13:49:03,1431.3800,4,1
2026-03-03,600519,13:49:06,1431.3800,2,1
2026-03-03,600519,13:49:09,1431.3800,1,1
2026-03-03,600519,13:49:12,1431.1500,7,2
2026-03-03,600519,13:49:15,1431.3900,5,1
2026-03-03,600519,13:49:18,1431.3800,3,1
2026-03-03,600519,13:49:21,1431.3800,2,1
2026-03-03,600519,13:49:24,1431.0100,5,2
2026-03-03,600519,13:49:28,1430.9700,16,2
2026-03-03,600519,13:49:30,1430.6700,1,2
2026-03-03,600519,13:49:33,1430.9500,3,1
2026-03-03,600519,13:49:36,1430.9301,2,1
2026-03-03,600519,13:49:40,1430.9200,1,1
2026-03-03,600519,13:49:43,1430.9200,3,1
2026-03-03,600519,13:49:46,1431.0200,15,1
2026-03-03,600519,13:49:48,1431.0100,3,1
2026-03-03,600519,13:49:52,1431.0200,2,1
2026-03-03,600519,13:49:55,1431.0200,9,1
2026-03-03,600519,13:49:57,1430.9500,2,2
2026-03-03,600519,13:50:00,1430.9500,1,2
2026-03-03,600519,13:50:04,1431.3101,3,1
2026-03-03,600519,13:50:09,1431.3000,1,1
2026-03-03,600519,13:50:13,1431.3000,1,1
2026-03-03,600519,13:50:16,1431.2900,1,1
2026-03-03,600519,13:50:19,1431.3000,3,1
2026-03-03,600519,13:50:21,1431.3000,3,1
2026-03-03,600519,13:50:24,1431.3199,3,1
2026-03-03,600519,13:50:27,1431.3101,5,1
2026-03-03,600519,13:50:30,1431.3199,1,1
2026-03-03,600519,13:50:33,1431.5300,3,1
2026-03-03,600519,13:50:36,1431.5699,7,1
2026-03-03,600519,13:50:39,1431.3500,4,2
2026-03-03,600519,13:50:43,1431.3700,2,2
2026-03-03,600519,13:50:45,1431.6700,7,1
2026-03-03,600519,13:50:49,1431.6700,3,1
2026-03-03,600519,13:50:55,1431.6801,2,1
2026-03-03,600519,13:50:57,1431.7000,5,1
2026-03-03,600519,13:51:00,1431.6801,4,1
2026-03-03,600519,13:51:03,1431.7400,7,1
2026-03-03,600519,13:51:07,1432.0000,6,1
2026-03-03,600519,13:51:09,1431.7000,1,2
2026-03-03,600519,13:51:13,1431.7100,2,2
2026-03-03,600519,13:51:15,1432.0000,4,1
2026-03-03,600519,13:51:22,1432.0000,3,1
2026-03-03,600519,13:51:24,1432.0000,5,1
2026-03-03,600519,13:51:30,1431.9800,1,1
2026-03-03,600519,13:51:34,1431.9900,2,1
2026-03-03,600519,13:51:36,1431.9800,2,1
2026-03-03,600519,13:51:39,1432.0000,6,1
2026-03-03,600519,13:51:42,1432.0000,1,1
2026-03-03,600519,13:51:45,1431.7500,2,2
2026-03-03,600519,13:51:48,1431.9900,47,1
2026-03-03,600519,13:51:51,1431.3600,7,2
2026-03-03,600519,13:51:54,1431.3400,8,2
2026-03-03,600519,13:51:57,1431.3300,6,1
2026-03-03,600519,13:52:00,1431.3300,7,1
2026-03-03,600519,13:52:03,1430.9700,2,2
2026-03-03,600519,13:52:07,1431.0100,2,2
2026-03-03,600519,13:52:09,1431.0200,3,2
2026-03-03,600519,13:52:15,1431.0000,1,2
2026-03-03,600519,13:52:18,1431.0900,1,2
2026-03-03,600519,13:52:21,1431.0100,3,2
2026-03-03,600519,13:52:24,1431.0000,3,2
2026-03-03,600519,13:52:27,1431.0200,1,2
2026-03-03,600519,13:52:30,1431.0100,10,2
2026-03-03,600519,13:52:33,1430.9700,6,2
2026-03-03,600519,13:52:36,1430.5100,1,2
2026-03-03,600519,13:52:40,1430.9900,3,1
2026-03-03,600519,13:52:42,1430.9900,4,1
2026-03-03,600519,13:52:45,1430.5100,2,2
2026-03-03,600519,13:52:49,1430.5200,25,2
2026-03-03,600519,13:52:51,1430.5200,14,1
2026-03-03,600519,13:52:54,1430.4600,2,2
2026-03-03,600519,13:52:57,1430.4600,3,2
2026-03-03,600519,13:53:01,1430.4200,2,2
2026-03-03,600519,13:53:03,1430.3500,3,2
2026-03-03,600519,13:53:10,1430.4000,1,2
2026-03-03,600519,13:53:12,1430.4000,3,2
2026-03-03,600519,13:53:15,1430.2200,5,2
2026-03-03,600519,13:53:19,1430.3300,3,1
2026-03-03,600519,13:53:21,1430.2200,1,2
2026-03-03,600519,13:53:25,1430.2100,1,2
2026-03-03,600519,13:53:27,1430.3199,2,1
2026-03-03,600519,13:53:33,1430.2000,8,2
2026-03-03,600519,13:53:36,1430.1500,8,2
2026-03-03,600519,13:53:40,1430.1500,3,2
2026-03-03,600519,13:53:43,1430.1100,4,2
2026-03-03,600519,13:53:45,1430.0200,1,2
2026-03-03,600519,13:53:48,1430.0200,8,1
2026-03-03,600519,13:53:51,1430.0200,53,1
2026-03-03,600519,13:53:54,1429.8800,126,2
2026-03-03,600519,13:53:58,1429.1300,23,2
2026-03-03,600519,13:54:00,1429.1100,12,2
2026-03-03,600519,13:54:03,1429.0500,6,2
2026-03-03,600519,13:54:07,1429.0500,2,2
2026-03-03,600519,13:54:09,1429.0100,16,2
2026-03-03,600519,13:54:12,1429.0100,21,1
2026-03-03,600519,13:54:15,1429.0000,30,2
2026-03-03,600519,13:54:18,1429.0000,7,2
2026-03-03,600519,13:54:22,1428.8800,2,2
2026-03-03,600519,13:54:25,1428.9100,4,2
2026-03-03,600519,13:54:27,1428.8300,6,2
2026-03-03,600519,13:54:30,1428.7400,5,2
2026-03-03,600519,13:54:33,1428.6801,4,2
2026-03-03,600519,13:54:37,1428.5800,4,2
2026-03-03,600519,13:54:39,1428.5800,20,1
2026-03-03,600519,13:54:43,1428.5000,15,2
2026-03-03,600519,13:54:46,1428.4900,9,4
2026-03-03,600519,13:54:48,1428.4500,15,2
2026-03-03,600519,13:54:52,1428.4500,4,1
2026-03-03,600519,13:54:54,1428.3000,7,2
2026-03-03,600519,13:54:57,1428.4500,4,1
2026-03-03,600519,13:55:00,1428.3500,4,2
2026-03-03,600519,13:55:03,1428.3000,6,2
2026-03-03,600519,13:55:06,1428.2800,8,2
2026-03-03,600519,13:55:09,1428.2000,8,2
2026-03-03,600519,13:55:12,1428.2000,3,2
2026-03-03,600519,13:55:15,1428.2900,17,1
2026-03-03,600519,13:55:19,1428.2000,6,2
2026-03-03,600519,13:55:21,1428.1100,4,2
2026-03-03,600519,13:55:25,1428.1000,17,1
2026-03-03,600519,13:55:27,1428.0300,5,2
2026-03-03,600519,13:55:31,1428.0900,12,1
2026-03-03,600519,13:55:33,1428.0100,13,2
2026-03-03,600519,13:55:36,1428.0000,35,2
2026-03-03,600519,13:55:39,1428.0000,16,2
2026-03-03,600519,13:55:43,1428.0100,14,1
2026-03-03,600519,13:55:45,1428.0000,23,2
2026-03-03,600519,13:55:48,1428.0000,2,2
2026-03-03,600519,13:55:51,1428.0000,45,2
2026-03-03,600519,13:55:55,1428.0000,31,2
2026-03-03,600519,13:55:58,1427.9800,26,2
2026-03-03,600519,13:56:00,1427.9900,19,1
2026-03-03,600519,13:56:03,1427.9800,34,2
2026-03-03,600519,13:56:06,1427.9800,12,2
2026-03-03,600519,13:56:09,1427.9800,40,2
2026-03-03,600519,13:56:12,1427.9800,22,2
2026-03-03,600519,13:56:16,1427.9800,197,2
2026-03-03,600519,13:56:18,1427.1600,47,2
2026-03-03,600519,13:56:21,1427.0000,26,2
2026-03-03,600519,13:56:25,1427.0000,35,2
2026-03-03,600519,13:56:28,1426.7700,7,2
2026-03-03,600519,13:56:30,1426.5800,7,2
2026-03-03,600519,13:56:33,1426.5000,10,2
2026-03-03,600519,13:56:37,1426.3400,33,2
2026-03-03,600519,13:56:40,1426.3500,25,2
2026-03-03,600519,13:56:42,1426.3400,25,2
2026-03-03,600519,13:56:45,1426.5200,4,2
2026-03-03,600519,13:56:49,1426.5500,24,2
2026-03-03,600519,13:56:51,1426.3400,10,2
2026-03-03,600519,13:56:54,1426.5400,14,2
2026-03-03,600519,13:56:57,1426.3500,11,2
2026-03-03,600519,13:57:00,1426.3500,16,1
2026-03-03,600519,13:57:03,1426.3000,8,2
2026-03-03,600519,13:57:06,1426.5400,13,1
2026-03-03,600519,13:57:09,1426.5400,14,1
2026-03-03,600519,13:57:12,1426.3600,18,2
2026-03-03,600519,13:57:16,1426.5300,14,1
2026-03-03,600519,13:57:19,1426.2000,11,2
2026-03-03,600519,13:57:21,1426.3600,10,1
2026-03-03,600519,13:57:24,1426.3600,4,1
2026-03-03,600519,13:57:27,1426.3800,14,1
2026-03-03,600519,13:57:30,1426.3600,7,2
2026-03-03,600519,13:57:34,1426.3600,4,2
2026-03-03,600519,13:57:36,1426.3600,5,1
2026-03-03,600519,13:57:40,1426.2900,10,2
2026-03-03,600519,13:57:42,1426.2600,23,2
2026-03-03,600519,13:57:45,1426.2900,5,1
2026-03-03,600519,13:57:48,1426.1600,54,2
2026-03-03,600519,13:57:51,1426.1600,7,2
2026-03-03,600519,13:57:54,1426.1600,6,2
2026-03-03,600519,13:57:57,1426.1500,4,2
2026-03-03,600519,13:58:00,1426.2300,11,1
2026-03-03,600519,13:58:03,1426.2500,17,1
2026-03-03,600519,13:58:06,1426.2300,12,1
2026-03-03,600519,13:58:09,1426.2000,6,2
2026-03-03,600519,13:58:12,1426.2000,7,2
2026-03-03,600519,13:58:18,1426.1700,4,2
2026-03-03,600519,13:58:21,1426.0100,7,2
2026-03-03,600519,13:58:24,1426.0100,9,2
2026-03-03,600519,13:58:27,1426.0100,1,2
2026-03-03,600519,13:58:30,1426.1600,13,1
2026-03-03,600519,13:58:33,1426.1600,5,1
2026-03-03,600519,13:58:36,1426.0100,6,2
2026-03-03,600519,13:58:42,1426.0200,3,2
2026-03-03,600519,13:58:45,1426.1700,5,1
2026-03-03,600519,13:58:49,1426.0100,3,2
2026-03-03,600519,13:58:52,1426.0400,9,2
2026-03-03,600519,13:58:54,1426.0400,3,1
2026-03-03,600519,13:58:57,1426.0300,6,1
2026-03-03,600519,13:59:01,1426.0200,16,4
2026-03-03,600519,13:59:04,1426.0000,9,2
2026-03-03,600519,13:59:06,1426.0000,7,2
2026-03-03,600519,13:59:09,1426.0000,2,2
2026-03-03,600519,13:59:12,1426.0300,2,4
2026-03-03,600519,13:59:15,1426.0100,22,4
2026-03-03,600519,13:59:18,1425.6600,54,2
2026-03-03,600519,13:59:21,1425.5000,14,2
2026-03-03,600519,13:59:24,1425.2600,11,2
2026-03-03,600519,13:59:27,1425.1700,4,2
2026-03-03,600519,13:59:30,1425.1500,3,2
2026-03-03,600519,13:59:33,1425.1100,6,2
2026-03-03,600519,13:59:36,1425.0900,29,2
2026-03-03,600519,13:59:39,1425.0400,12,2
2026-03-03,600519,13:59:42,1425.0601,11,1
2026-03-03,600519,13:59:45,1425.0500,23,1
2026-03-03,600519,13:59:48,1425.0400,4,1
2026-03-03,600519,13:59:51,1425.0100,2,2
2026-03-03,600519,13:59:54,1425.0300,12,4
2026-03-03,600519,13:59:58,1425.0300,7,1
2026-03-03,600519,14:00:01,1425.0900,23,1
2026-03-03,600519,14:00:04,1425.0300,9,2
2026-03-03,600519,14:00:06,1425.0300,5,2
2026-03-03,600519,14:00:09,1425.1600,7,1
2026-03-03,600519,14:00:13,1425.4600,7,1
2026-03-03,600519,14:00:15,1425.0500,14,2
2026-03-03,600519,14:00:18,1425.0500,9,2
2026-03-03,600519,14:00:21,1425.0000,62,2
2026-03-03,600519,14:00:24,1425.0000,163,2
2026-03-03,600519,14:00:27,1424.9500,103,2
2026-03-03,600519,14:00:30,1424.0000,29,2
2026-03-03,600519,14:00:33,1424.0000,27,2
2026-03-03,600519,14:00:36,1424.9200,8,1
2026-03-03,600519,14:00:40,1424.9200,4,1
2026-03-03,600519,14:00:42,1424.9200,2,1
2026-03-03,600519,14:00:45,1424.1600,1,2
2026-03-03,600519,14:00:51,1424.1700,13,2
2026-03-03,600519,14:00:55,1424.4200,2,2
2026-03-03,600519,14:00:57,1424.9399,28,1
2026-03-03,600519,14:01:00,1424.8800,4,1
2026-03-03,600519,14:01:06,1425.0400,17,1
2026-03-03,600519,14:01:09,1425.0400,10,2
2026-03-03,600519,14:01:12,1425.0500,6,1
2026-03-03,600519,14:01:15,1424.9000,8,2
2026-03-03,600519,14:01:18,1424.5500,11,2
2026-03-03,600519,14:01:21,1424.8800,1,1
2026-03-03,600519,14:01:24,1425.0000,2,1
2026-03-03,600519,14:01:27,1424.4000,8,2
2026-03-03,600519,14:01:30,1425.0100,6,1
2026-03-03,600519,14:01:33,1424.4000,6,2
2026-03-03,600519,14:01:36,1424.3900,4,2
2026-03-03,600519,14:01:39,1425.4100,111,1
2026-03-03,600519,14:01:43,1425.4600,8,1
2026-03-03,600519,14:01:45,1425.4600,2,1
2026-03-03,600519,14:01:52,1425.4600,4,1
2026-03-03,600519,14:01:55,1425.4600,2,1
2026-03-03,600519,14:01:57,1425.4600,2,1
2026-03-03,600519,14:02:01,1425.4700,2,1
2026-03-03,600519,14:02:04,1425.5601,24,1
2026-03-03,600519,14:02:06,1425.9100,6,1
2026-03-03,600519,14:02:09,1426.0000,5,1
2026-03-03,600519,14:02:13,1426.0200,3,1
2026-03-03,600519,14:02:16,1426.0200,1,1
2026-03-03,600519,14:02:18,1426.0400,3,1
2026-03-03,600519,14:02:21,1426.1700,4,1
2026-03-03,600519,14:02:24,1427.0000,48,1
2026-03-03,600519,14:02:28,1427.8300,2,1
2026-03-03,600519,14:02:30,1427.0000,3,2
2026-03-03,600519,14:02:33,1426.6000,4,2
2026-03-03,600519,14:02:36,1426.6100,8,2
2026-03-03,600519,14:02:39,1427.8101,15,1
2026-03-03,600519,14:02:42,1426.8800,4,2
2026-03-03,600519,14:02:45,1426.5500,21,2
2026-03-03,600519,14:02:48,1426.2200,10,2
2026-03-03,600519,14:02:52,1426.6400,9,1
2026-03-03,600519,14:02:55,1426.6700,5,1
2026-03-03,600519,14:02:57,1426.3600,2,1
2026-03-03,600519,14:03:00,1426.1400,2,2
2026-03-03,600519,14:03:03,1426.6600,15,1
2026-03-03,600519,14:03:06,1426.0100,9,2
2026-03-03,600519,14:03:10,1426.1300,3,2
2026-03-03,600519,14:03:13,1426.6200,5,1
2026-03-03,600519,14:03:15,1426.0000,4,2
2026-03-03,600519,14:03:18,1426.6801,18,1
2026-03-03,600519,14:03:21,1426.8800,4,1
2026-03-03,600519,14:03:25,1426.8800,3,1
2026-03-03,600519,14:03:27,1427.1700,12,1
2026-03-03,600519,14:03:30,1426.6801,8,2
2026-03-03,600519,14:03:33,1426.8800,2,2
2026-03-03,600519,14:03:36,1426.6801,12,2
2026-03-03,600519,14:03:39,1426.6801,5,2
2026-03-03,600519,14:03:42,1427.1600,5,1
2026-03-03,600519,14:03:46,1427.1600,6,2
2026-03-03,600519,14:03:48,1427.0699,14,2
2026-03-03,600519,14:03:52,1426.0000,11,2
2026-03-03,600519,14:03:54,1427.1200,5,1
2026-03-03,600519,14:03:57,1426.0000,4,2
2026-03-03,600519,14:04:00,1427.1100,4,1
2026-03-03,600519,14:04:04,1427.0000,17,1
2026-03-03,600519,14:04:06,1425.6200,2,2
2026-03-03,600519,14:04:10,1425.9301,4,1
2026-03-03,600519,14:04:13,1425.9301,11,1
2026-03-03,600519,14:04:15,1425.9301,9,1
2026-03-03,600519,14:04:18,1425.4600,2,2
2026-03-03,600519,14:04:22,1425.9301,4,1
2026-03-03,600519,14:04:24,1425.9301,2,1
2026-03-03,600519,14:04:27,1426.0000,2,1
2026-03-03,600519,14:04:30,1425.9100,5,1
2026-03-03,600519,10:45:15,1433.7600,12,1
2026-03-03,600519,10:45:18,1434.5400,1,1
2026-03-03,600519,10:45:22,1433.9700,2,2
2026-03-03,600519,10:45:24,1434.5300,2,1
2026-03-03,600519,10:45:27,1434.5400,2,1
2026-03-03,600519,10:45:31,1434.3900,2,1
2026-03-03,600519,10:45:33,1433.3800,4,2
2026-03-03,600519,10:45:36,1433.7500,1,1
2026-03-03,600519,10:45:40,1433.7400,1,1
2026-03-03,600519,10:45:42,1433.7600,12,1
2026-03-03,600519,10:45:48,1434.2300,2,2
2026-03-03,600519,10:45:51,1433.7600,5,2
2026-03-03,600519,10:45:55,1434.4000,1,1
2026-03-03,600519,10:45:57,1433.7600,3,2
2026-03-03,600519,10:46:00,1434.5400,15,1
2026-03-03,600519,10:46:04,1434.5400,1,1
2026-03-03,600519,10:46:06,1433.7500,2,2
2026-03-03,600519,10:46:09,1433.7500,1,2
2026-03-03,600519,10:46:12,1434.5900,3,1
2026-03-03,600519,10:46:18,1433.7600,2,2
2026-03-03,600519,10:46:21,1434.6000,3,1
2026-03-03,600519,10:46:25,1434.6000,1,1
2026-03-03,600519,10:46:31,1433.6500,3,2
2026-03-03,600519,10:46:33,1433.7600,3,1
2026-03-03,600519,10:46:37,1433.0000,1,2
2026-03-03,600519,10:46:39,1433.7600,1,1
2026-03-03,600519,10:46:42,1433.7600,1,1
2026-03-03,600519,10:46:45,1433.0000,1,2
2026-03-03,600519,10:46:48,1433.0000,1,2
2026-03-03,600519,10:46:54,1433.7500,4,1
2026-03-03,600519,10:47:00,1434.1200,1,1
2026-03-03,600519,10:47:03,1433.0100,2,2
2026-03-03,600519,10:47:07,1433.0000,3,2
2026-03-03,600519,10:47:09,1432.9900,7,1
2026-03-03,600519,10:47:12,1432.0000,13,2
2026-03-03,600519,10:47:15,1432.2700,12,1
2026-03-03,600519,10:47:19,1431.9301,3,2
2026-03-03,600519,10:47:21,1432.2700,3,1
2026-03-03,600519,10:47:24,1432.2700,3,1
2026-03-03,600519,10:47:27,1432.2700,1,1
2026-03-03,600519,10:47:30,1432.2700,1,1
2026-03-03,600519,10:47:34,1432.2400,2,1
2026-03-03,600519,10:47:36,1431.9000,3,2
2026-03-03,600519,10:47:39,1432.2600,1,1
2026-03-03,600519,10:47:42,1432.2600,1,1
2026-03-03,600519,10:47:45,1432.2600,1,1
2026-03-03,600519,10:47:48,1431.9000,3,2
2026-03-03,600519,10:47:51,1431.9000,7,1
2026-03-03,600519,10:47:55,1431.7900,3,2
2026-03-03,600519,10:47:57,1431.9000,2,1
2026-03-03,600519,10:48:00,1431.9000,1,1
2026-03-03,600519,10:48:03,1431.7900,3,2
2026-03-03,600519,10:48:06,1431.7700,1,2
2026-03-03,600519,10:48:09,1431.7700,4,1
2026-03-03,600519,10:48:13,1431.9100,15,1
2026-03-03,600519,10:48:15,1432.0000,5,1
2026-03-03,600519,10:48:18,1432.0699,2,1
2026-03-03,600519,10:48:21,1432.3101,6,1
2026-03-03,600519,10:48:24,1432.5000,2,1
2026-03-03,600519,10:48:27,1432.6500,2,1
2026-03-03,600519,10:48:30,1432.5900,5,1
2026-03-03,600519,10:48:33,1432.6100,3,2
2026-03-03,600519,10:48:36,1433.0000,6,1
2026-03-03,600519,10:48:39,1432.5100,4,2
2026-03-03,600519,10:48:42,1432.6100,2,2
2026-03-03,600519,10:48:45,1433.0000,4,1
2026-03-03,600519,10:48:51,1433.0000,4,1
2026-03-03,600519,10:48:57,1432.5300,6,2
2026-03-03,600519,10:49:00,1432.5400,6,2
2026-03-03,600519,10:49:03,1432.3800,3,2
2026-03-03,600519,10:49:06,1432.3500,1,2
2026-03-03,600519,10:49:10,1432.3400,8,2
2026-03-03,600519,10:49:12,1432.9700,60,1
2026-03-03,600519,10:49:15,1432.0100,9,2
2026-03-03,600519,10:49:18,1432.9700,2,1
2026-03-03,600519,10:49:21,1432.0000,1,2
2026-03-03,600519,10:49:24,1432.0000,2,2
2026-03-03,600519,10:49:27,1432.0100,1,2
2026-03-03,600519,10:49:30,1432.0000,1,2
2026-03-03,600519,10:49:34,1432.0000,4,2
2026-03-03,600519,10:49:36,1432.1000,3,1
2026-03-03,600519,10:49:45,1432.0000,3,2
2026-03-03,600519,10:49:48,1432.0000,4,2
2026-03-03,600519,10:49:51,1432.0000,2,2
2026-03-03,600519,10:49:54,1432.0000,44,2
2026-03-03,600519,10:49:57,1431.8800,5,2
2026-03-03,600519,10:50:00,1431.8700,2,1
2026-03-03,600519,10:50:03,1431.7100,2,2
2026-03-03,600519,10:50:06,1431.0400,3,2
2026-03-03,600519,10:50:09,1431.0400,4,2
2026-03-03,600519,10:50:12,1431.6200,2,1
2026-03-03,600519,10:50:15,1431.0500,2,2
2026-03-03,600519,10:50:18,1431.6000,1,1
2026-03-03,600519,10:50:21,1431.5500,5,1
2026-03-03,600519,10:50:25,1431.5800,6,1
2026-03-03,600519,10:50:27,1431.5699,8,1
2026-03-03,600519,10:50:31,1431.5699,3,2
2026-03-03,600519,10:50:34,1431.6200,8,1
2026-03-03,600519,10:50:36,1431.5900,5,2
2026-03-03,600519,10:50:39,1431.5800,1,2
2026-03-03,600519,10:50:42,1431.8800,12,1
2026-03-03,600519,10:50:45,1431.4700,1,2
2026-03-03,600519,10:50:48,1431.1000,1,2
2026-03-03,600519,10:50:57,1431.0900,5,2
2026-03-03,600519,10:51:00,1431.5800,8,1
2026-03-03,600519,10:51:03,1431.7900,10,1
2026-03-03,600519,10:51:07,1431.4900,5,2
2026-03-03,600519,10:51:09,1431.5699,4,1
2026-03-03,600519,10:51:12,1431.5601,5,1
2026-03-03,600519,10:51:15,1431.4800,1,2
2026-03-03,600519,10:51:19,1431.4700,1,1
2026-03-03,600519,10:51:21,1431.0699,1,2
2026-03-03,600519,10:51:24,1431.4301,3,1
2026-03-03,600519,10:51:27,1431.0500,1,2
2026-03-03,600519,10:51:33,1430.9900,5,2
2026-03-03,600519,10:51:37,1430.9301,2,1
2026-03-03,600519,10:51:39,1431.2100,8,1
2026-03-03,600519,10:51:42,1431.4600,6,1
2026-03-03,600519,10:51:45,1431.4600,4,1
2026-03-03,600519,10:51:48,1431.3800,2,1
2026-03-03,600519,10:51:51,1431.3800,2,1
2026-03-03,600519,10:51:54,1431.4100,5,1
2026-03-03,600519,10:51:57,1431.4000,4,2
2026-03-03,600519,10:52:01,1431.3300,3,1
2026-03-03,600519,10:52:03,1431.4100,2,1
2026-03-03,600519,10:52:07,1431.3101,7,2
2026-03-03,600519,10:52:09,1430.1000,5,2
2026-03-03,600519,10:52:12,1430.0699,1,2
2026-03-03,600519,10:52:18,1430.9500,2,1
2026-03-03,600519,10:52:22,1430.9600,2,1
2026-03-03,600519,10:52:24,1431.3101,11,1
2026-03-03,600519,10:52:27,1431.3600,9,1
2026-03-03,600519,10:52:30,1431.4399,15,1
2026-03-03,600519,10:52:33,1431.4800,8,1
2026-03-03,600519,10:52:39,1431.4800,4,2
2026-03-03,600519,10:52:42,1431.4700,6,1
2026-03-03,600519,10:52:45,1431.4600,4,1
2026-03-03,600519,10:52:49,1431.4800,13,1
2026-03-03,600519,10:52:51,1431.5400,5,1
2026-03-03,600519,10:52:54,1431.7700,4,1
2026-03-03,600519,10:52:57,1431.7700,3,1
2026-03-03,600519,10:53:04,1431.7900,1,1
2026-03-03,600519,10:53:06,1431.8000,3,1
2026-03-03,600519,10:53:09,1431.7900,2,2
2026-03-03,600519,10:53:12,1431.8000,2,1
2026-03-03,600519,10:53:18,1431.8000,2,1
2026-03-03,600519,10:53:24,1431.7800,2,2
2026-03-03,600519,10:53:27,1431.7300,2,2
2026-03-03,600519,10:53:30,1431.7900,3,1
2026-03-03,600519,10:53:33,1431.8000,6,1
2026-03-03,600519,10:53:36,1431.7300,6,2
2026-03-03,600519,10:53:39,1431.7900,1,2
2026-03-03,600519,10:53:42,1431.9800,14,1
2026-03-03,600519,10:53:45,1432.0000,7,1
2026-03-03,600519,10:53:51,1432.0000,3,1
2026-03-03,600519,10:53:55,1431.9900,3,1
2026-03-03,600519,10:54:01,1432.3800,7,1
2026-03-03,600519,10:54:03,1432.3600,3,1
2026-03-03,600519,10:54:07,1431.7900,6,2
2026-03-03,600519,10:54:09,1431.5400,1,2
2026-03-03,600519,10:54:18,1431.4600,4,1
2026-03-03,600519,10:54:22,1431.4700,1,1
2026-03-03,600519,10:54:24,1431.4100,1,2
2026-03-03,600519,10:54:27,1431.3300,2,2
2026-03-03,600519,10:54:30,1431.4000,3,1
2026-03-03,600519,10:54:33,1431.2600,4,1
2026-03-03,600519,10:54:40,1431.2400,1,1
2026-03-03,600519,10:54:48,1431.0500,1,2
2026-03-03,600519,10:54:54,1431.0500,1,2
2026-03-03,600519,10:54:57,1431.0300,2,1
2026-03-03,600519,10:55:00,1431.0200,2,2
2026-03-03,600519,10:55:03,1431.0300,4,1
2026-03-03,600519,10:55:06,1431.0200,3,1
2026-03-03,600519,10:55:09,1431.0000,3,2
2026-03-03,600519,10:55:12,1431.0100,5,1
2026-03-03,600519,10:55:15,1431.0100,20,1
2026-03-03,600519,10:55:19,1431.0000,12,2
2026-03-03,600519,10:55:22,1431.0000,17,2
2026-03-03,600519,10:55:24,1431.0200,10,1
2026-03-03,600519,10:55:27,1431.0200,8,1
2026-03-03,600519,10:55:31,1431.0100,8,2
2026-03-03,600519,10:55:36,1431.0300,14,1
2026-03-03,600519,10:55:39,1431.2600,4,1
2026-03-03,600519,10:55:43,1431.2500,7,1
2026-03-03,600519,10:55:45,1431.4700,6,1
2026-03-03,600519,10:55:48,1431.7700,3,1
2026-03-03,600519,10:55:51,1431.5100,7,2
2026-03-03,600519,10:55:54,1431.8700,3,1
2026-03-03,600519,10:55:57,1431.8700,2,1
2026-03-03,600519,10:56:00,1431.8600,1,4
2026-03-03,600519,10:56:04,1431.8500,2,2
2026-03-03,600519,10:56:06,1431.8600,2,1
2026-03-03,600519,10:56:09,1431.8600,4,1
2026-03-03,600519,10:56:12,1431.5100,1,2
2026-03-03,600519,10:56:15,1431.6100,12,2
2026-03-03,600519,10:56:18,1431.0100,5,2
2026-03-03,600519,10:56:21,1431.0100,1,2
2026-03-03,600519,10:56:24,1431.0100,1,2
2026-03-03,600519,10:56:28,1431.0100,6,1
2026-03-03,600519,10:56:30,1430.9600,1,2
2026-03-03,600519,10:56:34,1430.9600,9,2
2026-03-03,600519,10:56:36,1431.0100,5,1
2026-03-03,600519,10:56:39,1431.5500,2,1
2026-03-03,600519,10:56:42,1430.2600,9,2
2026-03-03,600519,10:56:49,1430.9800,5,2
2026-03-03,600519,10:56:52,1430.9700,2,1
2026-03-03,600519,10:56:54,1430.9800,1,1
2026-03-03,600519,10:56:57,1430.9800,1,1
2026-03-03,600519,10:57:01,1430.2700,1,2
2026-03-03,600519,10:57:03,1430.3000,2,2
2026-03-03,600519,10:57:09,1430.2700,5,2
2026-03-03,600519,10:57:12,1430.2700,2,4
2026-03-03,600519,10:57:15,1430.2700,1,1
2026-03-03,600519,10:57:18,1430.2300,3,2
2026-03-03,600519,10:57:21,1430.2700,2,1
2026-03-03,600519,10:57:24,1430.2700,1,2
2026-03-03,600519,10:57:27,1430.2800,1,1
2026-03-03,600519,10:57:31,1430.2800,1,2
2026-03-03,600519,10:57:34,1430.9399,1,1
2026-03-03,600519,10:57:45,1430.9301,1,1
2026-03-03,600519,10:57:51,1430.9100,10,1
2026-03-03,600519,10:57:55,1430.9000,4,1
2026-03-03,600519,10:57:57,1430.3000,1,2
2026-03-03,600519,10:58:00,1430.3000,1,2
2026-03-03,600519,10:58:07,1430.9800,19,1
2026-03-03,600519,10:58:09,1430.9700,2,1
2026-03-03,600519,10:58:12,1430.8800,2,2
2026-03-03,600519,10:58:15,1430.9800,18,1
2026-03-03,600519,10:58:18,1431.0500,8,1
2026-03-03,600519,10:58:21,1431.0699,1,1
2026-03-03,600519,10:58:24,1431.5100,2,1
2026-03-03,600519,10:58:27,1431.0200,2,2
2026-03-03,600519,10:58:30,1431.0300,1,1
2026-03-03,600519,10:58:34,1430.9800,2,2
2026-03-03,600519,10:58:36,1430.9800,3,2
2026-03-03,600519,10:58:40,1430.9700,5,1
2026-03-03,600519,10:58:42,1430.1000,34,2
2026-03-03,600519,10:58:45,1430.9700,2,1
2026-03-03,600519,10:58:49,1430.9700,1,2
2026-03-03,600519,10:58:51,1430.9800,4,1
2026-03-03,600519,10:59:00,1430.9100,4,2
2026-03-03,600519,10:59:03,1430.1200,2,2
2026-03-03,600519,10:59:06,1430.9301,1,1
2026-03-03,600519,10:59:10,1430.9301,3,2
2026-03-03,600519,10:59:18,1430.2300,1,2
2026-03-03,600519,10:59:21,1430.2000,1,2
2026-03-03,600519,10:59:24,1430.9000,2,1
2026-03-03,600519,10:59:27,1430.2000,1,2
2026-03-03,600519,10:59:33,1430.2000,3,2
2026-03-03,600519,10:59:39,1430.8600,1,1
2026-03-03,600519,10:59:45,1430.2000,2,2
2026-03-03,600519,10:59:48,1430.2000,1,2
2026-03-03,600519,10:59:55,1430.8199,3,1
2026-03-03,600519,11:00:03,1431.2000,20,1
2026-03-03,600519,11:00:06,1431.3600,1,1
2026-03-03,600519,11:00:09,1431.3400,6,1
2026-03-03,600519,11:00:16,1431.4000,3,1
2026-03-03,600519,11:00:18,1431.4000,1,1
2026-03-03,600519,11:00:22,1431.5800,3,1
2026-03-03,600519,11:00:25,1431.7900,4,1
2026-03-03,600519,11:00:27,1431.8700,9,1
2026-03-03,600519,11:00:30,1432.3700,3,1
2026-03-03,600519,11:00:33,1431.7900,5,2
2026-03-03,600519,11:00:36,1432.3500,1,1
2026-03-03,600519,11:00:39,1432.3500,2,1
2026-03-03,600519,11:00:42,1432.3500,1,1
2026-03-03,600519,11:00:46,1432.3300,3,1
2026-03-03,600519,11:00:48,1432.3600,8,1
2026-03-03,600519,11:00:51,1432.3600,1,1
2026-03-03,600519,11:00:54,1432.3600,1,1
2026-03-03,600519,11:00:57,1432.3600,4,1
2026-03-03,600519,11:01:00,1432.3400,13,2
2026-03-03,600519,11:01:04,1432.9600,2,1
2026-03-03,600519,11:01:06,1432.9800,5,1
2026-03-03,600519,11:01:09,1433.0100,20,1
2026-03-03,600519,11:01:12,1433.6600,5,1
2026-03-03,600519,11:01:15,1434.5601,10,1
2026-03-03,600519,11:01:24,1434.0000,1,1
2026-03-03,600519,11:01:27,1434.6100,4,1
2026-03-03,600519,11:01:33,1434.0000,2,2
2026-03-03,600519,11:01:36,1434.0000,7,2
2026-03-03,600519,11:01:39,1433.9900,4,1
2026-03-03,600519,11:01:43,1433.1100,3,2
2026-03-03,600519,11:01:46,1434.0000,6,1
2026-03-03,600519,11:01:51,1433.0000,4,2
2026-03-03,600519,11:01:54,1433.0000,1,2
2026-03-03,600519,11:01:57,1433.9800,1,1
2026-03-03,600519,11:02:01,1434.0000,10,1
2026-03-03,600519,11:02:03,1434.0000,4,1
2026-03-03,600519,11:02:10,1434.0000,5,1
2026-03-03,600519,11:02:15,1434.0000,2,1
2026-03-03,600519,11:02:18,1434.1801,4,1
2026-03-03,600519,11:02:21,1434.0000,3,2
2026-03-03,600519,11:02:25,1434.5800,1,1
2026-03-03,600519,11:02:27,1434.4700,2,1
2026-03-03,600519,11:02:30,1434.0000,5,2
2026-03-03,600519,11:02:34,1434.4600,1,1
2026-03-03,600519,11:02:39,1434.0100,1,1
2026-03-03,600519,11:02:42,1434.0100,6,1
2026-03-03,600519,11:02:45,1434.0000,3,2
2026-03-03,600519,11:02:48,1434.0000,3,2
2026-03-03,600519,11:02:52,1434.0000,3,2
2026-03-03,600519,11:02:54,1433.9900,2,2
2026-03-03,600519,11:02:57,1434.4301,1,1
2026-03-03,600519,11:03:03,1434.4100,3,1
2026-03-03,600519,11:03:06,1434.4000,1,1
2026-03-03,600519,11:03:09,1434.4000,1,1
2026-03-03,600519,11:03:12,1434.4000,5,1
2026-03-03,600519,11:03:15,1433.9301,2,2
2026-03-03,600519,11:03:18,1433.9700,3,2
2026-03-03,600519,11:03:24,1433.9200,6,2
2026-03-03,600519,11:03:33,1434.3700,2,1
2026-03-03,600519,11:03:39,1433.8101,2,2
2026-03-03,600519,11:03:42,1434.3300,6,1
2026-03-03,600519,11:03:45,1434.4000,10,1
2026-03-03,600519,11:03:48,1434.4700,6,1
2026-03-03,600519,11:03:51,1434.5699,13,1
2026-03-03,600519,11:03:54,1434.7000,13,1
2026-03-03,600519,11:03:57,1434.9000,3,1
2026-03-03,600519,11:04:00,1434.7000,4,2
2026-03-03,600519,11:04:09,1434.7000,5,2
2026-03-03,600519,11:04:12,1434.7000,1,2
2026-03-03,600519,11:04:15,1434.7000,2,2
2026-03-03,600519,11:04:18,1434.7000,3,4
2026-03-03,600519,11:04:21,1434.9100,8,1
2026-03-03,600519,11:04:24,1434.5000,8,2
2026-03-03,600519,11:04:27,1434.9000,16,1
2026-03-03,600519,11:04:30,1434.9100,36,1
2026-03-03,600519,11:04:34,1434.9000,6,2
2026-03-03,600519,11:04:36,1434.9100,3,1
2026-03-03,600519,11:04:40,1434.9200,6,1
2026-03-03,600519,11:04:46,1434.9399,2,1
2026-03-03,600519,11:04:48,1435.8800,376,1
2026-03-03,600519,11:04:52,1436.0000,36,1
2026-03-03,600519,11:04:54,1436.3800,16,1
2026-03-03,600519,11:04:57,1436.6600,15,1
2026-03-03,600519,11:05:01,1436.9900,10,1
2026-03-03,600519,11:05:03,1436.5100,2,2
2026-03-03,600519,11:05:07,1436.6100,6,2
2026-03-03,600519,11:05:09,1436.3700,9,2
2026-03-03,600519,11:05:12,1436.7600,5,1
2026-03-03,600519,11:05:15,1436.6000,4,1
2026-03-03,600519,11:05:19,1435.8900,27,2
2026-03-03,600519,11:05:21,1435.6000,26,2
2026-03-03,600519,11:05:24,1435.2900,112,2
2026-03-03,600519,11:05:27,1434.8900,25,2
2026-03-03,600519,11:05:30,1434.4800,4,2
2026-03-03,600519,11:05:33,1434.0100,6,2
2026-03-03,600519,11:05:36,1434.7900,16,1
2026-03-03,600519,11:05:40,1434.8800,2,1
2026-03-03,600519,11:05:42,1434.8800,2,1
2026-03-03,600519,11:05:45,1434.8900,3,1
2026-03-03,600519,11:05:48,1434.8900,9,1
2026-03-03,600519,11:05:51,1434.8101,4,2
2026-03-03,600519,11:05:54,1434.8300,1,1
2026-03-03,600519,11:05:57,1434.8000,6,2
2026-03-03,600519,11:06:01,1434.7900,5,2
2026-03-03,600519,11:06:03,1434.8199,12,1
2026-03-03,600519,11:06:06,1434.7900,12,2
2026-03-03,600519,11:06:09,1434.7900,6,1
2026-03-03,600519,11:06:12,1434.7100,3,2
2026-03-03,600519,11:06:15,1434.7200,1,2
2026-03-03,600519,11:06:18,1434.7200,1,2
2026-03-03,600519,11:06:21,1434.7200,1,1
2026-03-03,600519,11:06:25,1434.7100,2,2
2026-03-03,600519,11:06:27,1434.7000,4,2
2026-03-03,600519,11:06:30,1434.6899,1,2
2026-03-03,600519,11:06:33,1434.0200,1,2
2026-03-03,600519,11:06:36,1434.0300,13,2
2026-03-03,600519,11:06:39,1434.0300,1,2
2026-03-03,600519,11:06:45,1434.0400,2,2
2026-03-03,600519,11:06:49,1434.0300,1,2
2026-03-03,600519,11:06:51,1434.0300,2,2
2026-03-03,600519,11:06:54,1434.0000,2,2
2026-03-03,600519,11:06:57,1433.9301,3,2
2026-03-03,600519,11:07:03,1434.0000,1,2
2026-03-03,600519,11:07:07,1433.8101,1,2
2026-03-03,600519,11:07:09,1433.8000,15,2
2026-03-03,600519,11:07:12,1433.7900,3,1
2026-03-03,600519,11:07:15,1433.7900,2,1
2026-03-03,600519,11:07:18,1433.2200,1,2
2026-03-03,600519,11:07:25,1433.2200,3,2
2026-03-03,600519,11:07:27,1433.5500,4,1
2026-03-03,600519,11:07:34,1433.1700,1,2
2026-03-03,600519,11:07:36,1433.1899,2,2
2026-03-03,600519,11:07:39,1433.1700,6,2
2026-03-03,600519,11:07:42,1433.0100,4,2
2026-03-03,600519,11:07:49,1433.0100,2,2
2026-03-03,600519,11:07:52,1433.0100,2,2
2026-03-03,600519,11:07:54,1432.9600,3,2
2026-03-03,600519,11:08:01,1432.9600,14,2
2026-03-03,600519,11:08:03,1432.3400,3,2
2026-03-03,600519,11:08:06,1432.9900,2,1
2026-03-03,600519,11:08:09,1432.3800,4,2
2026-03-03,600519,11:08:13,1432.3900,2,2
2026-03-03,600519,11:08:15,1432.3900,1,2
2026-03-03,600519,11:08:21,1432.3800,6,2
2026-03-03,600519,11:08:24,1432.9900,3,1
2026-03-03,600519,11:08:27,1432.9900,1,1
2026-03-03,600519,11:08:30,1432.4000,3,2
2026-03-03,600519,11:08:33,1432.9800,2,1
2026-03-03,600519,11:08:36,1432.4000,1,2
2026-03-03,600519,11:08:40,1432.8101,5,1
2026-03-03,600519,11:08:42,1432.9500,6,1
2026-03-03,600519,11:08:45,1432.5800,1,2
2026-03-03,600519,11:08:48,1432.9500,1,1
2026-03-03,600519,11:08:51,1432.6000,6,2
2026-03-03,600519,11:08:54,1432.6000,2,2
2026-03-03,600519,11:08:57,1432.5900,4,2
2026-03-03,600519,11:09:01,1432.5900,1,2
2026-03-03,600519,11:09:03,1432.5800,7,2
2026-03-03,600519,11:09:06,1432.5699,5,2
2026-03-03,600519,11:09:10,1432.5400,2,4
2026-03-03,600519,11:09:12,1432.5800,4,1
2026-03-03,600519,11:09:18,1432.7200,5,1
2026-03-03,600519,11:09:21,1432.4900,1,2
2026-03-03,600519,11:09:24,1432.5800,2,1
2026-03-03,600519,11:09:27,1432.5800,2,1
2026-03-03,600519,11:09:34,1432.5800,4,1
2026-03-03,600519,11:09:36,1432.5800,1,1
2026-03-03,600519,11:09:39,1432.5800,1,1
2026-03-03,600519,11:09:43,1432.4900,1,2
2026-03-03,600519,11:09:48,1432.5000,4,2
