date,code,time,price,volume,bs
2026-05-11,000333,14:06:57,80.9000,200,1
2026-05-11,000333,14:07:00,80.8800,167,2
2026-05-11,000333,14:07:03,80.8900,31,1
2026-05-11,000333,14:07:06,80.8900,65,1
2026-05-11,000333,14:07:09,80.9000,79,1
2026-05-11,000333,14:07:12,80.8800,53,2
2026-05-11,000333,14:07:15,80.8800,85,2
2026-05-11,000333,14:07:18,80.9000,62,1
2026-05-11,000333,14:07:21,80.8800,49,2
2026-05-11,000333,14:07:24,80.8800,33,1
2026-05-11,000333,14:07:27,80.8800,57,1
2026-05-11,000333,14:07:30,80.8800,70,2
2026-05-11,000333,14:07:33,80.8700,43,2
2026-05-11,000333,14:07:36,80.8700,66,2
2026-05-11,000333,14:07:39,80.8700,57,1
2026-05-11,000333,14:07:42,80.8700,32,1
2026-05-11,000333,14:07:45,80.8900,29,1
2026-05-11,000333,14:07:48,80.8700,39,2
2026-05-11,000333,14:07:51,80.8600,99,2
2026-05-11,000333,14:07:54,80.8700,31,1
2026-05-11,000333,14:07:57,80.8600,87,2
2026-05-11,000333,14:08:00,80.8600,119,2
2026-05-11,000333,14:08:03,80.8700,90,1
2026-05-11,000333,14:08:06,80.8900,27,1
2026-05-11,000333,14:08:09,80.8800,67,1
2026-05-11,000333,14:08:12,80.9000,79,1
2026-05-11,000333,14:08:15,80.8900,26,4
2026-05-11,000333,14:08:18,80.9000,71,1
2026-05-11,000333,14:08:21,80.9100,36,1
2026-05-11,000333,14:08:24,80.9000,45,1
2026-05-11,000333,14:08:27,80.8800,82,2
2026-05-11,000333,14:08:30,80.8800,76,2
2026-05-11,000333,14:08:33,80.9000,55,1
2026-05-11,000333,14:08:36,80.9000,55,1
2026-05-11,000333,14:08:39,80.9000,100,1
2026-05-11,000333,14:08:42,80.9000,31,4
2026-05-11,000333,14:08:45,80.9000,25,2
2026-05-11,000333,14:08:48,80.9000,60,2
2026-05-11,000333,14:08:51,80.9000,50,1
2026-05-11,000333,14:08:54,80.8900,277,2
2026-05-11,000333,14:08:57,80.8800,91,2
2026-05-11,000333,14:09:00,80.8400,115,2
2026-05-11,000333,14:09:03,80.8700,13,4
2026-05-11,000333,14:09:06,80.8700,31,1
2026-05-11,000333,14:09:09,80.8600,96,2
2026-05-11,000333,14:09:12,80.8700,39,2
2026-05-11,000333,14:09:15,80.8700,62,2
2026-05-11,000333,14:09:18,80.8700,76,1
2026-05-11,000333,14:09:21,80.8600,38,4
2026-05-11,000333,14:09:24,80.8800,62,1
2026-05-11,000333,14:09:27,80.8500,105,2
2026-05-11,000333,14:09:30,80.8600,28,2
2026-05-11,000333,14:09:33,80.8700,29,1
2026-05-11,000333,14:09:36,80.8600,70,2
2026-05-11,000333,14:09:39,80.8600,68,1
2026-05-11,000333,14:09:42,80.8800,158,1
2026-05-11,000333,14:09:45,80.8500,24,2
2026-05-11,000333,14:09:48,80.8500,38,1
2026-05-11,000333,14:09:51,80.8500,52,1
2026-05-11,000333,14:09:54,80.8600,62,1
2026-05-11,000333,14:09:57,80.8600,41,1
2026-05-11,000333,14:10:00,80.8600,17,4
2026-05-11,000333,14:10:03,80.8600,19,1
2026-05-11,000333,14:10:06,80.8600,125,1
2026-05-11,000333,14:10:09,80.8700,35,1
2026-05-11,000333,14:10:12,80.8400,77,2
2026-05-11,000333,14:10:15,80.8500,21,4
2026-05-11,000333,14:10:18,80.8500,51,2
2026-05-11,000333,14:10:21,80.8500,74,1
2026-05-11,000333,14:10:24,80.8700,16,1
2026-05-11,000333,14:10:27,80.8600,44,4
2026-05-11,000333,14:10:30,80.8500,39,1
2026-05-11,000333,14:10:33,80.8500,25,1
2026-05-11,000333,14:10:36,80.8600,32,1
2026-05-11,000333,14:10:39,80.8500,72,2
2026-05-11,000333,14:10:42,80.8400,83,2
2026-05-11,000333,14:10:45,80.8400,55,1
2026-05-11,000333,14:10:48,80.8300,57,2
2026-05-11,000333,14:10:51,80.8300,37,2
2026-05-11,000333,14:10:54,80.8300,63,2
2026-05-11,000333,14:10:57,80.8500,108,1
2026-05-11,000333,14:11:00,80.8700,78,1
2026-05-11,000333,14:11:03,80.8700,83,1
2026-05-11,000333,14:11:06,80.8400,41,2
2026-05-11,000333,14:11:09,80.8300,99,2
2026-05-11,000333,14:11:12,80.8400,25,1
2026-05-11,000333,14:11:15,80.8400,77,1
2026-05-11,000333,14:11:18,80.8400,20,1
2026-05-11,000333,14:11:21,80.8400,64,1
2026-05-11,000333,14:11:24,80.8300,45,2
2026-05-11,000333,14:11:27,80.8200,48,2
2026-05-11,000333,14:11:30,80.8200,112,2
2026-05-11,000333,14:11:33,80.8200,91,2
2026-05-11,000333,14:11:36,80.8200,284,2
2026-05-11,000333,14:11:39,80.8100,85,2
2026-05-11,000333,14:11:42,80.8100,157,1
2026-05-11,000333,14:11:45,80.8000,75,2
2026-05-11,000333,14:11:48,80.8000,121,1
2026-05-11,000333,14:11:51,80.8000,58,1
2026-05-11,000333,14:11:54,80.8100,95,1
2026-05-11,000333,14:11:57,80.7800,64,2
2026-05-11,000333,14:12:00,80.8000,107,1
2026-05-11,000333,14:12:03,80.8000,64,1
2026-05-11,000333,14:12:06,80.8600,130,1
2026-05-11,000333,14:12:09,80.8100,92,1
2026-05-11,000333,14:12:12,80.8100,50,2
2026-05-11,000333,14:12:15,80.8400,102,1
2026-05-11,000333,14:12:18,80.8400,84,1
2026-05-11,000333,14:12:21,80.8300,56,4
2026-05-11,000333,14:12:24,80.8800,87,1
2026-05-11,000333,14:12:27,80.8400,127,2
2026-05-11,000333,14:12:30,80.8500,85,1
2026-05-11,000333,14:12:33,80.8500,69,2
2026-05-11,000333,14:12:36,80.8700,58,2
2026-05-11,000333,14:12:39,80.8700,41,1
2026-05-11,000333,14:12:42,80.8700,105,1
2026-05-11,000333,14:12:45,80.8800,47,1
2026-05-11,000333,14:12:48,80.8600,25,2
2026-05-11,000333,14:12:51,80.8700,34,1
2026-05-11,000333,14:12:54,80.8700,71,1
2026-05-11,000333,14:12:57,80.8500,42,2
2026-05-11,000333,14:13:00,80.8500,45,2
2026-05-11,000333,14:13:03,80.8400,127,2
2026-05-11,000333,14:13:06,80.8200,79,2
2026-05-11,000333,14:13:09,80.8100,128,2
2026-05-11,000333,14:13:12,80.8000,87,2
2026-05-11,000333,14:13:15,80.8100,114,4
2026-05-11,000333,14:13:18,80.8100,118,1
2026-05-11,000333,14:13:21,80.7900,80,2
2026-05-11,000333,14:13:24,80.8100,82,1
2026-05-11,000333,14:13:27,80.8000,65,2
2026-05-11,000333,14:13:30,80.8100,26,1
2026-05-11,000333,14:13:33,80.8400,92,1
2026-05-11,000333,14:13:36,80.8100,45,2
2026-05-11,000333,14:13:39,80.8100,71,2
2026-05-11,000333,14:13:42,80.8200,78,1
2026-05-11,000333,14:13:45,80.8100,96,2
2026-05-11,000333,14:13:48,80.8100,82,1
2026-05-11,000333,14:13:51,80.8100,75,1
2026-05-11,000333,14:13:54,80.8100,48,2
2026-05-11,000333,14:13:57,80.8200,30,1
2026-05-11,000333,14:14:00,80.7900,39,2
2026-05-11,000333,14:14:03,80.8000,43,1
2026-05-11,000333,14:14:06,80.7900,17,2
2026-05-11,000333,14:14:09,80.7900,106,2
2026-05-11,000333,14:14:12,80.7700,99,2
2026-05-11,000333,14:14:15,80.7700,126,2
2026-05-11,000333,14:14:18,80.7800,75,4
2026-05-11,000333,14:14:21,80.7800,108,1
2026-05-11,000333,14:14:24,80.8000,85,1
2026-05-11,000333,14:14:27,80.7800,26,2
2026-05-11,000333,14:14:30,80.8000,60,1
2026-05-11,000333,14:14:33,80.7700,63,2
2026-05-11,000333,14:14:36,80.8000,138,1
2026-05-11,000333,14:14:39,80.8200,63,2
2026-05-11,000333,14:14:42,80.8200,52,2
2026-05-11,000333,14:14:45,80.8100,34,2
2026-05-11,000333,14:14:48,80.8000,33,2
2026-05-11,000333,14:14:51,80.8000,100,2
2026-05-11,000333,14:14:54,80.8000,52,2
2026-05-11,000333,14:14:57,80.8000,150,1
2026-05-11,000333,14:15:00,80.7800,243,2
2026-05-11,000333,14:15:03,80.7800,41,2
2026-05-11,000333,14:15:06,80.7900,104,1
2026-05-11,000333,14:15:09,80.7700,76,2
2026-05-11,000333,14:15:12,80.7700,66,2
2026-05-11,000333,14:15:15,80.7600,67,2
2026-05-11,000333,14:15:18,80.7600,90,2
2026-05-11,000333,14:15:21,80.7500,166,2
2026-05-11,000333,14:15:24,80.7600,100,1
2026-05-11,000333,14:15:27,80.7400,105,2
2026-05-11,000333,14:15:30,80.7500,220,1
2026-05-11,000333,14:15:33,80.7500,122,1
2026-05-11,000333,14:15:36,80.8000,306,1
2026-05-11,000333,14:15:39,80.7800,12,2
2026-05-11,000333,14:15:42,80.7900,83,1
2026-05-11,000333,14:15:45,80.7700,50,2
2026-05-11,000333,14:15:48,80.8000,129,1
2026-05-11,000333,14:15:51,80.7900,58,2
2026-05-11,000333,14:15:54,80.7900,68,2
2026-05-11,000333,14:15:57,80.8000,59,2
2026-05-11,000333,14:16:00,80.8000,45,1
2026-05-11,000333,14:16:03,80.8000,28,2
2026-05-11,000333,14:16:06,80.8200,41,1
2026-05-11,000333,14:16:09,80.8000,55,2
2026-05-11,000333,14:16:12,80.8000,54,2
2026-05-11,000333,14:16:15,80.8700,87,1
2026-05-11,000333,14:16:18,80.8700,146,1
2026-05-11,000333,14:16:21,80.8300,108,2
2026-05-11,000333,14:16:24,80.9000,58,1
2026-05-11,000333,14:16:27,80.8900,67,1
2026-05-11,000333,14:16:30,80.8200,62,2
2026-05-11,000333,14:16:33,80.8100,74,2
2026-05-11,000333,14:16:36,80.8100,58,1
2026-05-11,000333,14:16:39,80.8100,56,1
2026-05-11,000333,14:16:42,80.8100,117,1
2026-05-11,000333,14:16:45,80.8100,46,2
2026-05-11,000333,14:16:48,80.8100,154,1
2026-05-11,000333,14:16:51,80.8100,17,2
2026-05-11,000333,14:16:54,80.8100,112,1
2026-05-11,000333,14:16:57,80.8200,69,2
2026-05-11,000333,14:17:00,80.8300,50,2
2026-05-11,000333,14:17:03,80.8400,4,2
2026-05-11,000333,14:17:06,80.8400,11,2
2026-05-11,000333,14:17:09,80.8500,35,2
2026-05-11,000333,14:17:12,80.8700,52,1
2026-05-11,000333,14:17:15,80.8400,47,2
2026-05-11,000333,14:17:18,80.8500,49,1
2026-05-11,000333,14:17:21,80.8500,17,1
2026-05-11,000333,14:17:24,80.8400,34,2
2026-05-11,000333,14:17:27,80.8400,219,2
2026-05-11,000333,14:17:30,80.8600,36,1
2026-05-11,000333,14:17:33,80.9300,48,1
2026-05-11,000333,14:17:36,80.9600,17,1
2026-05-11,000333,14:17:39,80.8800,86,2
2026-05-11,000333,14:17:42,80.8600,44,2
2026-05-11,000333,14:17:45,80.8700,42,2
2026-05-11,000333,14:17:48,80.9200,41,1
2026-05-11,000333,14:17:51,80.8700,55,2
2026-05-11,000333,14:17:54,80.8700,45,1
2026-05-11,000333,14:17:57,80.8600,100,2
2026-05-11,000333,14:18:00,80.8500,68,2
2026-05-11,000333,14:18:03,80.8500,69,2
2026-05-11,000333,14:18:06,80.8500,62,2
2026-05-11,000333,14:18:09,80.8600,51,1
2026-05-11,000333,14:18:12,80.8400,30,2
2026-05-11,000333,14:18:15,80.8300,25,2
2026-05-11,000333,14:18:18,80.8200,59,2
2026-05-11,000333,14:18:21,80.8200,65,2
2026-05-11,000333,14:18:24,80.8500,72,1
2026-05-11,000333,14:18:27,80.8500,98,1
2026-05-11,000333,14:18:30,80.8300,66,2
2026-05-11,000333,14:18:33,80.8400,41,4
2026-05-11,000333,14:18:36,80.8400,111,2
2026-05-11,000333,14:18:39,80.8200,74,1
2026-05-11,000333,14:18:42,80.8300,156,1
2026-05-11,000333,14:18:45,80.8300,92,1
2026-05-11,000333,14:18:48,80.8400,70,1
2026-05-11,000333,14:18:51,80.8400,12,2
2026-05-11,000333,14:18:54,80.8600,63,1
2026-05-11,000333,14:18:57,80.8400,41,2
2026-05-11,000333,14:19:00,80.8400,29,2
2026-05-11,000333,14:19:03,80.8500,36,1
2026-05-11,000333,14:19:06,80.8500,37,1
2026-05-11,000333,14:19:09,80.8500,66,1
2026-05-11,000333,14:19:12,80.8400,42,2
2026-05-11,000333,14:19:15,80.8300,119,2
2026-05-11,000333,14:19:18,80.8300,45,2
2026-05-11,000333,14:19:21,80.8300,39,2
2026-05-11,000333,14:19:24,80.8500,50,1
2026-05-11,000333,14:19:27,80.8300,15,2
2026-05-11,000333,14:19:30,80.8500,22,1
2026-05-11,000333,14:19:33,80.8600,54,1
2026-05-11,000333,14:19:36,80.8800,62,1
2026-05-11,000333,14:19:39,80.8800,55,1
2026-05-11,000333,14:19:42,80.8800,32,2
2026-05-11,000333,14:19:45,80.8700,54,2
2026-05-11,000333,14:19:48,80.8900,798,2
2026-05-11,000333,14:19:51,80.8900,14,1
2026-05-11,000333,14:19:57,80.8700,37,2
2026-05-11,000333,14:20:00,80.8800,50,4
2026-05-11,000333,14:20:03,80.8900,33,1
2026-05-11,000333,14:20:06,80.8800,33,4
2026-05-11,000333,14:20:09,80.8900,70,1
2026-05-11,000333,14:20:12,80.8900,39,1
2026-05-11,000333,14:20:15,80.9500,49,1
2026-05-11,000333,14:20:18,80.9100,259,2
2026-05-11,000333,14:20:21,80.9200,8,1
2026-05-11,000333,14:20:24,80.9200,14,1
2026-05-11,000333,14:20:27,80.8900,37,2
2026-05-11,000333,14:20:30,80.9100,79,1
2026-05-11,000333,14:20:33,80.8800,91,2
2026-05-11,000333,14:20:36,80.8700,81,2
2026-05-11,000333,14:20:39,80.8700,59,1
2026-05-11,000333,14:20:42,80.8600,82,2
2026-05-11,000333,14:20:45,80.8700,107,1
2026-05-11,000333,14:20:48,80.9500,188,1
2026-05-11,000333,14:20:51,80.8700,115,2
2026-05-11,000333,14:20:54,80.9000,27,2
2026-05-11,000333,14:20:57,80.8600,34,2
2026-05-11,000333,14:21:00,80.8700,53,2
2026-05-11,000333,14:21:03,80.9200,25,1
2026-05-11,000333,14:21:06,80.9000,55,1
2026-05-11,000333,14:21:09,80.8500,118,2
2026-05-11,000333,14:21:12,80.8300,61,2
2026-05-11,000333,14:21:15,80.8200,73,2
2026-05-11,000333,14:21:18,80.8200,39,1
2026-05-11,000333,14:21:21,80.8100,26,2
2026-05-11,000333,14:21:24,80.8000,158,2
2026-05-11,000333,14:21:27,80.8100,150,4
2026-05-11,000333,14:21:30,80.8200,68,1
2026-05-11,000333,14:21:33,80.8600,52,1
2026-05-11,000333,14:21:36,80.8300,14,2
2026-05-11,000333,14:21:39,80.8200,33,2
2026-05-11,000333,14:21:42,80.8300,51,2
2026-05-11,000333,14:21:45,80.8400,34,1
2026-05-11,000333,14:21:48,80.8200,7,2
2026-05-11,000333,14:21:51,80.8200,24,2
2026-05-11,000333,14:21:54,80.8200,39,2
2026-05-11,000333,14:21:57,80.8000,85,2
2026-05-11,000333,14:22:00,80.8000,51,2
2026-05-11,000333,14:22:03,80.8200,46,1
2026-05-11,000333,14:22:06,80.8000,40,2
2026-05-11,000333,14:22:09,80.8000,85,2
2026-05-11,000333,14:22:12,80.8000,51,2
2026-05-11,000333,14:22:15,80.8300,106,1
2026-05-11,000333,14:22:18,80.8100,5,1
2026-05-11,000333,14:22:21,80.8100,30,1
2026-05-11,000333,14:22:24,80.8000,80,2
2026-05-11,000333,14:22:27,80.8000,125,2
2026-05-11,000333,14:22:30,80.8000,63,1
2026-05-11,000333,14:22:33,80.8200,57,1
2026-05-11,000333,14:22:36,80.8100,32,1
2026-05-11,000333,14:22:39,80.8000,51,2
2026-05-11,000333,14:22:42,80.7900,52,2
2026-05-11,000333,14:22:45,80.7900,67,2
2026-05-11,000333,14:22:48,80.8100,12,1
2026-05-11,000333,14:22:51,80.7900,47,2
2026-05-11,000333,14:22:54,80.7800,100,2
2026-05-11,000333,14:22:57,80.7800,69,2
2026-05-11,000333,14:23:00,80.7800,56,2
2026-05-11,000333,14:23:03,80.8000,152,1
2026-05-11,000333,14:23:06,80.8100,8,2
2026-05-11,000333,14:23:09,80.8400,45,1
2026-05-11,000333,14:23:12,80.8200,40,2
2026-05-11,000333,14:23:15,80.8200,74,2
2026-05-11,000333,14:23:18,80.8200,24,2
2026-05-11,000333,14:23:21,80.8300,53,1
2026-05-11,000333,14:23:24,80.8300,35,1
2026-05-11,000333,14:23:27,80.8300,64,1
2026-05-11,000333,14:23:30,80.8200,0,1
2026-05-11,000333,14:23:33,80.8100,32,2
2026-05-11,000333,14:23:36,80.8100,77,2
2026-05-11,000333,14:23:39,80.8100,81,2
2026-05-11,000333,14:23:42,80.8200,107,1
2026-05-11,000333,14:23:45,80.8200,51,2
2026-05-11,000333,14:23:48,80.8200,58,2
2026-05-11,000333,14:23:51,80.8400,26,1
2026-05-11,000333,14:23:54,80.8400,26,2
2026-05-11,000333,14:23:57,80.8300,68,2
2026-05-11,000333,14:24:00,80.8300,59,2
2026-05-11,000333,14:24:03,80.8400,27,2
2026-05-11,000333,14:24:06,80.8300,45,2
2026-05-11,000333,14:24:09,80.8400,40,1
2026-05-11,000333,14:24:12,80.8200,40,2
2026-05-11,000333,14:24:15,80.8200,146,2
2026-05-11,000333,14:24:18,80.8200,144,2
2026-05-11,000333,14:24:21,80.8100,137,2
2026-05-11,000333,14:24:24,80.8200,49,1
2026-05-11,000333,14:24:27,80.8200,25,2
2026-05-11,000333,14:24:30,80.8600,97,1
2026-05-11,000333,14:24:33,80.8100,213,2
2026-05-11,000333,14:24:36,80.8100,119,2
2026-05-11,000333,14:24:39,80.8200,84,1
2026-05-11,000333,14:24:42,80.8200,57,2
2026-05-11,000333,14:24:45,80.8100,86,2
2026-05-11,000333,14:24:48,80.8200,26,1
2026-05-11,000333,14:24:51,80.8200,12,2
2026-05-11,000333,14:24:54,80.8200,54,2
2026-05-11,000333,14:24:57,80.8200,102,1
2026-05-11,000333,14:25:00,80.8400,49,1
2026-05-11,000333,14:25:03,80.8300,54,2
2026-05-11,000333,14:25:06,80.8400,36,1
2026-05-11,000333,14:25:09,80.8200,140,2
2026-05-11,000333,14:25:12,80.8100,24,2
2026-05-11,000333,14:25:15,80.8100,89,2
2026-05-11,000333,14:25:18,80.8100,81,2
2026-05-11,000333,14:25:21,80.8100,76,2
2026-05-11,000333,14:25:24,80.8100,40,1
2026-05-11,000333,14:25:27,80.8000,48,2
2026-05-11,000333,14:25:30,80.8100,385,1
2026-05-11,000333,14:25:33,80.8100,133,1
2026-05-11,000333,14:25:36,80.7700,368,2
2026-05-11,000333,14:25:39,80.7900,566,1
2026-05-11,000333,14:25:42,80.8000,769,1
2026-05-11,000333,14:25:45,80.8200,158,1
2026-05-11,000333,14:25:48,80.8200,88,2
2026-05-11,000333,14:25:51,80.8200,98,2
2026-05-11,000333,14:25:54,80.8300,192,2
2026-05-11,000333,14:25:57,80.8300,55,2
2026-05-11,000333,14:26:00,80.8400,95,4
2026-05-11,000333,14:26:03,80.8300,11,2
2026-05-11,000333,14:26:06,80.8200,33,2
2026-05-11,000333,14:26:09,80.8300,84,1
2026-05-11,000333,14:26:12,80.8400,157,1
2026-05-11,000333,14:26:15,80.8300,102,2
2026-05-11,000333,14:26:18,80.8300,1,1
2026-05-11,000333,14:26:21,80.8200,80,2
2026-05-11,000333,14:26:24,80.8300,173,1
2026-05-11,000333,14:26:27,80.8200,51,1
2026-05-11,000333,14:26:30,80.8100,229,2
2026-05-11,000333,14:26:33,80.8100,134,2
2026-05-11,000333,14:26:36,80.8300,55,1
2026-05-11,000333,14:26:39,80.8200,85,2
2026-05-11,000333,14:26:42,80.8100,61,2
2026-05-11,000333,14:26:45,80.8100,114,2
2026-05-11,000333,14:26:48,80.8100,109,2
2026-05-11,000333,14:26:51,80.8200,104,1
2026-05-11,000333,14:26:54,80.8100,104,2
2026-05-11,000333,14:26:57,80.8000,84,2
2026-05-11,000333,14:27:00,80.8300,115,1
2026-05-11,000333,14:27:03,80.8500,2,1
2026-05-11,000333,14:27:06,80.8400,106,2
2026-05-11,000333,14:27:09,80.8500,89,2
2026-05-11,000333,14:27:12,80.8400,47,2
2026-05-11,000333,14:27:15,80.8400,71,2
2026-05-11,000333,14:27:18,80.8500,216,1
2026-05-11,000333,14:27:21,80.8400,92,4
2026-05-11,000333,14:27:24,80.8300,30,2
2026-05-11,000333,14:27:27,80.8300,164,2
2026-05-11,000333,14:27:30,80.8500,56,1
2026-05-11,000333,14:27:33,80.8500,35,2
2026-05-11,000333,14:27:36,80.8500,72,1
2026-05-11,000333,14:27:39,80.8500,25,2
2026-05-11,000333,14:27:42,80.8700,72,1
2026-05-11,000333,14:27:45,80.9000,72,1
2026-05-11,000333,14:27:48,80.8600,115,2
2026-05-11,000333,14:27:51,80.8500,242,2
2026-05-11,000333,14:27:54,80.8500,28,1
2026-05-11,000333,14:27:57,80.8400,51,2
2026-05-11,000333,14:28:00,80.8400,69,2
2026-05-11,000333,14:28:03,80.8300,162,2
2026-05-11,000333,14:28:06,80.8200,32,2
2026-05-11,000333,14:28:09,80.8500,149,1
2026-05-11,000333,14:28:12,80.8600,132,1
2026-05-11,000333,14:28:15,80.8500,78,2
2026-05-11,000333,14:28:18,80.8500,79,1
2026-05-11,000333,14:28:21,80.8500,49,2
2026-05-11,000333,14:28:24,80.8500,69,2
2026-05-11,000333,14:28:27,80.8500,82,2
2026-05-11,000333,14:28:30,80.8500,68,2
2026-05-11,000333,14:28:33,80.8500,130,2
2026-05-11,000333,14:28:36,80.8500,66,4
2026-05-11,000333,14:28:39,80.8500,35,1
2026-05-11,000333,14:28:42,80.8200,50,2
2026-05-11,000333,14:28:45,80.8200,70,2
2026-05-11,000333,14:28:48,80.8100,59,2
2026-05-11,000333,14:28:51,80.8200,97,1
2026-05-11,000333,14:28:54,80.8400,66,1
2026-05-11,000333,14:28:57,80.8300,77,2
2026-05-11,000333,14:29:00,80.8300,41,2
2026-05-11,000333,14:29:03,80.8700,112,1
2026-05-11,000333,14:29:06,80.8700,37,2
2026-05-11,000333,14:29:09,80.8700,59,1
2026-05-11,000333,14:29:12,80.8700,68,1
2026-05-11,000333,14:29:15,80.8400,79,2
2026-05-11,000333,14:29:18,80.8400,92,2
2026-05-11,000333,14:29:21,80.8500,48,1
2026-05-11,000333,14:29:24,80.8500,63,2
2026-05-11,000333,14:29:27,80.8400,60,2
2026-05-11,000333,14:29:30,80.8400,34,2
2026-05-11,000333,14:29:33,80.8400,48,2
2026-05-11,000333,14:29:36,80.8400,46,2
2026-05-11,000333,14:29:39,80.8400,80,1
2026-05-11,000333,14:29:42,80.8300,71,2
2026-05-11,000333,14:29:45,80.8300,103,2
2026-05-11,000333,14:29:48,80.8300,203,1
2026-05-11,000333,14:29:51,80.8100,71,2
2026-05-11,000333,14:29:54,80.8300,12,1
2026-05-11,000333,14:29:57,80.8100,143,2
2026-05-11,000333,14:30:00,80.8100,99,2
2026-05-11,000333,14:30:03,80.8200,53,1
2026-05-11,000333,14:30:06,80.8200,24,1
2026-05-11,000333,14:30:09,80.8200,50,1
2026-05-11,000333,14:30:12,80.8000,352,2
2026-05-11,000333,14:30:15,80.8000,79,2
2026-05-11,000333,14:30:18,80.8000,313,2
2026-05-11,000333,14:30:21,80.8100,61,4
2026-05-11,000333,14:30:24,80.8100,84,4
2026-05-11,000333,14:30:27,80.8100,64,2
2026-05-11,000333,14:30:30,80.8200,43,1
2026-05-11,000333,14:30:33,80.8000,107,2
2026-05-11,000333,14:30:36,80.8000,85,1
2026-05-11,000333,14:30:39,80.8000,72,1
2026-05-11,000333,14:30:42,80.8000,75,4
2026-05-11,000333,14:30:45,80.8000,201,2
2026-05-11,000333,14:30:48,80.7900,60,2
2026-05-11,000333,14:30:51,80.8000,145,1
2026-05-11,000333,14:30:54,80.8100,67,1
2026-05-11,000333,14:30:57,80.7900,84,2
2026-05-11,000333,14:31:00,80.8100,25,2
2026-05-11,000333,14:31:03,80.8100,74,1
2026-05-11,000333,14:31:06,80.8000,36,2
2026-05-11,000333,14:31:09,80.8100,85,1
2026-05-11,000333,14:31:12,80.7900,92,2
2026-05-11,000333,14:31:15,80.7700,49,2
2026-05-11,000333,14:31:18,80.7600,151,2
2026-05-11,000333,14:31:21,80.7700,338,1
2026-05-11,000333,14:31:24,80.7700,39,2
2026-05-11,000333,14:31:27,80.8000,47,4
2026-05-11,000333,14:31:30,80.7800,35,2
2026-05-11,000333,14:31:33,80.7600,13,2
2026-05-11,000333,14:31:36,80.7500,144,2
2026-05-11,000333,14:31:39,80.7500,90,1
2026-05-11,000333,14:31:42,80.7200,118,2
2026-05-11,000333,14:31:45,80.7500,89,1
2026-05-11,000333,14:31:48,80.7300,79,2
2026-05-11,000333,14:31:51,80.7400,86,1
2026-05-11,000333,14:31:54,80.7400,54,2
2026-05-11,000333,14:31:57,80.7000,635,2
2026-05-11,000333,14:32:00,80.7200,209,1
2026-05-11,000333,14:32:03,80.7300,44,2
2026-05-11,000333,14:32:06,80.7300,49,2
2026-05-11,000333,14:32:09,80.7200,65,2
2026-05-11,000333,14:32:12,80.7100,610,2
2026-05-11,000333,14:32:15,80.7300,56,1
2026-05-11,000333,14:32:18,80.7300,93,1
2026-05-11,000333,14:32:21,80.7200,19,2
2026-05-11,000333,14:32:24,80.7300,17,4
2026-05-11,000333,14:32:27,80.7300,123,4
2026-05-11,000333,14:32:30,80.7300,19,2
2026-05-11,000333,14:32:33,80.7200,48,2
2026-05-11,000333,14:32:36,80.7200,19,1
2026-05-11,000333,14:32:39,80.7100,31,2
2026-05-11,000333,14:32:42,80.7200,52,1
2026-05-11,000333,14:32:45,80.7400,94,1
2026-05-11,000333,14:32:48,80.7400,99,1
2026-05-11,000333,14:32:51,80.7400,67,2
2026-05-11,000333,14:32:54,80.7500,27,1
2026-05-11,000333,14:32:57,80.7300,44,2
2026-05-11,000333,14:33:00,80.7300,49,2
2026-05-11,000333,14:33:03,80.7300,11,1
2026-05-11,000333,14:33:06,80.7200,90,2
2026-05-11,000333,14:33:09,80.7100,81,2
2026-05-11,000333,14:33:12,80.7200,48,1
2026-05-11,000333,14:33:15,80.7300,36,1
2026-05-11,000333,14:33:18,80.7500,278,1
2026-05-11,000333,14:33:21,80.7200,32,2
2026-05-11,000333,14:33:24,80.7300,27,2
2026-05-11,000333,14:33:27,80.7500,109,1
2026-05-11,000333,14:33:30,80.7200,91,2
2026-05-11,000333,14:33:33,80.6900,139,2
2026-05-11,000333,14:33:36,80.6900,73,2
2026-05-11,000333,14:33:39,80.6900,59,1
2026-05-11,000333,14:33:42,80.7000,79,1
2026-05-11,000333,14:33:45,80.6800,67,2
2026-05-11,000333,14:33:48,80.7200,56,1
2026-05-11,000333,14:33:51,80.7500,98,1
2026-05-11,000333,14:33:54,80.7500,29,2
2026-05-11,000333,14:33:57,80.7100,48,2
2026-05-11,000333,14:34:00,80.7400,69,1
2026-05-11,000333,14:34:03,80.7300,71,1
2026-05-11,000333,14:34:06,80.7500,33,1
2026-05-11,000333,14:34:09,80.7300,37,1
2026-05-11,000333,14:34:12,80.7200,24,4
2026-05-11,000333,14:34:15,80.7300,92,1
2026-05-11,000333,14:34:18,80.7200,114,4
2026-05-11,000333,14:34:21,80.6900,101,2
2026-05-11,000333,14:34:24,80.7400,41,1
2026-05-11,000333,14:34:27,80.6900,48,2
2026-05-11,000333,14:34:30,80.6900,70,2
2026-05-11,000333,14:34:33,80.6900,55,1
2026-05-11,000333,14:34:36,80.6900,125,1
2026-05-11,000333,14:34:39,80.6800,151,2
2026-05-11,000333,14:34:42,80.6800,28,1
2026-05-11,000333,14:34:45,80.6600,185,2
2026-05-11,000333,14:34:48,80.6700,88,1
2026-05-11,000333,14:34:51,80.6700,109,1
2026-05-11,000333,14:34:54,80.6600,56,4
2026-05-11,000333,14:34:57,80.6500,87,2
2026-05-11,000333,14:35:00,80.6500,97,1
2026-05-11,000333,14:35:03,80.6500,94,1
2026-05-11,000333,14:35:06,80.6500,117,1
2026-05-11,000333,14:35:09,80.6500,70,1
2026-05-11,000333,14:35:12,80.6500,91,2
2026-05-11,000333,14:35:15,80.6500,68,2
2026-05-11,000333,14:35:18,80.6700,77,1
2026-05-11,000333,14:35:21,80.6500,150,2
2026-05-11,000333,14:35:24,80.6900,13,1
2026-05-11,000333,14:35:27,80.6800,21,2
2026-05-11,000333,14:35:30,80.6800,124,2
2026-05-11,000333,14:35:33,80.6900,40,1
2026-05-11,000333,14:35:36,80.6800,73,1
2026-05-11,000333,14:35:39,80.6900,37,1
2026-05-11,000333,14:35:42,80.6900,127,1
2026-05-11,000333,14:35:45,80.6700,42,2
2026-05-11,000333,14:35:48,80.6900,79,1
2026-05-11,000333,14:35:51,80.6800,85,1
2026-05-11,000333,14:35:54,80.7300,158,1
2026-05-11,000333,14:35:57,80.7300,17,1
2026-05-11,000333,14:36:00,80.7200,19,2
2026-05-11,000333,14:36:03,80.7300,101,1
2026-05-11,000333,14:36:06,80.7300,98,1
2026-05-11,000333,14:36:09,80.7300,82,2
2026-05-11,000333,14:36:12,80.7400,15,4
2026-05-11,000333,14:36:15,80.7300,79,2
2026-05-11,000333,14:36:18,80.7200,27,2
2026-05-11,000333,14:36:21,80.7300,47,1
2026-05-11,000333,14:36:24,80.7200,6,2
2026-05-11,000333,14:36:27,80.7100,97,2
2026-05-11,000333,14:36:30,80.7300,177,1
2026-05-11,000333,14:36:33,80.7200,14,2
2026-05-11,000333,14:36:36,80.7200,24,1
2026-05-11,000333,14:36:39,80.7100,18,2
2026-05-11,000333,14:36:42,80.7200,105,2
2026-05-11,000333,14:36:45,80.7000,73,2
2026-05-11,000333,14:36:48,80.6900,56,2
2026-05-11,000333,14:36:51,80.7100,16,1
2026-05-11,000333,14:36:54,80.7100,67,1
2026-05-11,000333,14:36:57,80.7000,10,2
2026-05-11,000333,14:37:00,80.7000,45,2
2026-05-11,000333,14:37:03,80.7000,25,2
2026-05-11,000333,14:37:06,80.7000,93,2
2026-05-11,000333,14:37:09,80.7100,89,1
2026-05-11,000333,14:37:12,80.7100,60,1
2026-05-11,000333,14:37:15,80.7200,59,1
2026-05-11,000333,14:37:18,80.7000,78,2
2026-05-11,000333,14:37:21,80.7200,61,1
2026-05-11,000333,14:37:24,80.7200,76,2
2026-05-11,000333,14:37:27,80.7200,154,1
2026-05-11,000333,14:37:30,80.7100,66,4
2026-05-11,000333,14:37:33,80.7200,29,1
2026-05-11,000333,14:37:36,80.7100,95,2
2026-05-11,000333,14:37:39,80.7200,52,1
2026-05-11,000333,14:37:42,80.7200,41,1
2026-05-11,000333,14:37:45,80.7100,90,2
2026-05-11,000333,14:37:48,80.7200,36,1
2026-05-11,000333,14:37:51,80.7100,127,2
2026-05-11,000333,14:37:54,80.7000,230,2
2026-05-11,000333,14:37:57,80.7300,105,1
2026-05-11,000333,14:38:00,80.7500,107,1
2026-05-11,000333,14:38:03,80.7600,61,1
2026-05-11,000333,14:38:06,80.7500,29,2
2026-05-11,000333,14:38:09,80.7300,19,2
2026-05-11,000333,14:38:12,80.7400,107,4
2026-05-11,000333,14:38:15,80.7600,118,1
2026-05-11,000333,14:38:18,80.7500,75,2
2026-05-11,000333,14:38:21,80.7400,43,2
2026-05-11,000333,14:38:24,80.7500,54,1
2026-05-11,000333,14:38:27,80.7500,43,2
2026-05-11,000333,14:38:30,80.7300,98,2
2026-05-11,000333,14:38:33,80.7400,45,1
2026-05-11,000333,14:38:36,80.7400,33,1
2026-05-11,000333,14:38:39,80.7300,78,2
2026-05-11,000333,14:38:42,80.7000,129,2
2026-05-11,000333,14:38:45,80.7200,38,1
2026-05-11,000333,14:38:48,80.7100,34,2
2026-05-11,000333,14:38:51,80.7200,93,1
2026-05-11,000333,14:38:54,80.7400,62,1
2026-05-11,000333,14:38:57,80.7200,63,2
2026-05-11,000333,14:39:00,80.7400,56,1
2026-05-11,000333,14:39:03,80.7200,77,2
2026-05-11,000333,14:39:06,80.7400,105,1
2026-05-11,000333,14:39:09,80.7300,138,4
2026-05-11,000333,14:39:12,80.7300,31,2
2026-05-11,000333,14:39:15,80.7500,94,1
2026-05-11,000333,14:39:18,80.7100,41,2
2026-05-11,000333,14:39:21,80.7200,37,1
2026-05-11,000333,14:39:24,80.7400,61,1
2026-05-11,000333,14:39:27,80.7200,48,2
2026-05-11,000333,14:39:30,80.7100,129,2
2026-05-11,000333,14:39:33,80.7100,39,1
2026-05-11,000333,14:39:36,80.7000,165,2
2026-05-11,000333,14:39:39,80.7100,28,4
2026-05-11,000333,14:39:42,80.7000,126,2
2026-05-11,000333,14:39:45,80.7100,72,1
2026-05-11,000333,14:39:48,80.7000,88,2
2026-05-11,000333,14:39:51,80.7100,42,1
2026-05-11,000333,14:39:54,80.7200,191,1
2026-05-11,000333,14:39:57,80.6800,60,2
2026-05-11,000333,14:40:00,80.6800,87,2
2026-05-11,000333,14:40:03,80.6800,25,2
2026-05-11,000333,14:40:06,80.6700,146,2
2026-05-11,000333,14:40:09,80.6800,17,4
2026-05-11,000333,14:40:12,80.6600,64,2
2026-05-11,000333,14:40:15,80.6800,106,1
2026-05-11,000333,14:40:18,80.6800,197,1
2026-05-11,000333,14:40:21,80.6800,57,1
2026-05-11,000333,14:40:24,80.6900,114,1
2026-05-11,000333,14:40:27,80.6900,150,2
2026-05-11,000333,14:40:30,80.7000,31,1
2026-05-11,000333,14:40:33,80.7000,101,1
2026-05-11,000333,14:40:36,80.6900,39,2
2026-05-11,000333,14:40:39,80.7000,79,1
2026-05-11,000333,14:40:42,80.6800,76,2
2026-05-11,000333,14:40:45,80.6800,80,2
2026-05-11,000333,14:40:48,80.7100,31,1
2026-05-11,000333,14:40:51,80.7000,46,2
2026-05-11,000333,14:40:54,80.7000,157,4
2026-05-11,000333,14:40:57,80.6700,22,2
2026-05-11,000333,14:41:00,80.6700,114,2
2026-05-11,000333,14:41:03,80.6600,80,2
2026-05-11,000333,14:41:06,80.6900,26,2
2026-05-11,000333,14:41:09,80.6900,82,2
2026-05-11,000333,14:41:12,80.7000,71,1
2026-05-11,000333,14:41:15,80.6700,45,2
2026-05-11,000333,14:41:18,80.6700,64,4
2026-05-11,000333,14:41:21,80.6600,46,2
2026-05-11,000333,14:41:24,80.6600,18,1
2026-05-11,000333,14:41:27,80.6600,181,1
2026-05-11,000333,14:41:30,80.6500,8,4
2026-05-11,000333,14:41:33,80.6500,108,1
2026-05-11,000333,14:41:36,80.6400,106,2
2026-05-11,000333,14:41:39,80.6600,77,1
2026-05-11,000333,14:41:42,80.6500,34,1
2026-05-11,000333,14:41:45,80.6400,106,1
2026-05-11,000333,14:41:48,80.6400,73,1
2026-05-11,000333,14:41:51,80.6200,144,2
2026-05-11,000333,14:41:54,80.6200,53,2
2026-05-11,000333,14:41:57,80.6300,65,2
2026-05-11,000333,14:42:00,80.6300,31,2
2026-05-11,000333,14:42:03,80.6400,68,1
2026-05-11,000333,14:42:06,80.6300,51,2
2026-05-11,000333,14:42:09,80.6200,56,2
2026-05-11,000333,14:42:12,80.6200,123,2
2026-05-11,000333,14:42:15,80.6300,81,1
2026-05-11,000333,14:42:18,80.6100,37,2
2026-05-11,000333,14:42:21,80.6100,126,2
2026-05-11,000333,14:42:24,80.6100,151,2
2026-05-11,000333,14:42:27,80.6000,137,2
2026-05-11,000333,14:42:30,80.6100,81,1
2026-05-11,000333,14:42:33,80.6200,57,1
2026-05-11,000333,14:42:36,80.6100,62,2
2026-05-11,000333,14:42:39,80.6100,56,2
2026-05-11,000333,14:42:42,80.6400,54,1
2026-05-11,000333,14:42:45,80.6400,25,1
2026-05-11,000333,14:42:48,80.6200,94,2
2026-05-11,000333,14:42:51,80.6500,54,1
2026-05-11,000333,14:42:54,80.6600,33,1
2026-05-11,000333,14:42:57,80.6400,57,2
2026-05-11,000333,14:43:00,80.6500,55,4
2026-05-11,000333,14:43:03,80.6400,92,2
2026-05-11,000333,14:43:06,80.6800,37,1
2026-05-11,000333,14:43:09,80.6500,9,2
2026-05-11,000333,14:43:12,80.6800,67,1
2026-05-11,000333,14:43:15,80.6800,75,2
2026-05-11,000333,14:43:18,80.6700,40,2
2026-05-11,000333,14:43:21,80.6800,61,1
2026-05-11,000333,14:43:24,80.6900,26,1
2026-05-11,000333,14:43:27,80.6800,44,2
2026-05-11,000333,14:43:30,80.6600,32,2
2026-05-11,000333,14:43:33,80.6800,41,1
2026-05-11,000333,14:43:36,80.6500,34,2
2026-05-11,000333,14:43:39,80.6600,33,2
2026-05-11,000333,14:43:42,80.6700,120,1
2026-05-11,000333,14:43:45,80.6600,14,2
2026-05-11,000333,14:43:48,80.6800,109,1
2026-05-11,000333,14:43:51,80.6300,75,2
2026-05-11,000333,14:43:54,80.6200,28,2
2026-05-11,000333,14:43:57,80.6300,98,2
2026-05-11,000333,14:44:00,80.6300,15,2
2026-05-11,000333,14:44:03,80.6600,149,1
2026-05-11,000333,14:44:06,80.6300,30,2
2026-05-11,000333,14:44:09,80.6800,76,1
2026-05-11,000333,14:44:12,80.6500,23,2
2026-05-11,000333,14:44:15,80.6600,41,2
2026-05-11,000333,14:44:18,80.6600,89,2
2026-05-11,000333,14:44:21,80.6700,36,2
2026-05-11,000333,14:44:24,80.6700,42,2
2026-05-11,000333,14:44:27,80.7100,14,1
2026-05-11,000333,14:44:30,80.6900,33,2
2026-05-11,000333,14:44:33,80.7100,38,1
2026-05-11,000333,14:44:36,80.6800,40,2
2026-05-11,000333,14:44:39,80.6800,13,2
2026-05-11,000333,14:44:42,80.6700,78,2
2026-05-11,000333,14:44:45,80.6900,25,1
2026-05-11,000333,14:44:48,80.6700,79,2
2026-05-11,000333,14:44:51,80.6600,32,2
2026-05-11,000333,14:44:54,80.6700,51,1
2026-05-11,000333,14:44:57,80.6600,31,2
2026-05-11,000333,14:45:00,80.6500,75,2
2026-05-11,000333,14:45:03,80.6500,43,2
2026-05-11,000333,14:45:06,80.6500,65,2
2026-05-11,000333,14:45:09,80.6500,70,2
2026-05-11,000333,14:45:12,80.6400,49,2
2026-05-11,000333,14:45:15,80.6500,267,1
2026-05-11,000333,14:45:18,80.6300,126,2
2026-05-11,000333,14:45:21,80.6200,65,2
2026-05-11,000333,14:45:24,80.6400,16,2
2026-05-11,000333,14:45:27,80.6400,68,2
2026-05-11,000333,14:45:30,80.6300,29,2
2026-05-11,000333,14:45:33,80.6400,29,1
2026-05-11,000333,14:45:36,80.6400,105,1
2026-05-11,000333,14:45:39,80.6200,75,2
2026-05-11,000333,14:45:42,80.6500,148,1
2026-05-11,000333,14:45:45,80.6600,22,1
2026-05-11,000333,14:45:48,80.6600,117,1
2026-05-11,000333,14:45:51,80.6700,98,1
2026-05-11,000333,14:45:54,80.6700,32,1
2026-05-11,000333,14:45:57,80.6900,38,1
2026-05-11,000333,14:46:00,80.6800,66,2
2026-05-11,000333,14:46:03,80.6800,15,2
2026-05-11,000333,14:46:06,80.6800,82,1
2026-05-11,000333,14:46:09,80.7000,97,1
2026-05-11,000333,14:46:12,80.7100,45,1
2026-05-11,000333,14:46:15,80.7100,82,2
2026-05-11,000333,14:46:18,80.7100,14,1
2026-05-11,000333,14:46:21,80.7100,47,1
2026-05-11,000333,14:46:24,80.7000,43,2
2026-05-11,000333,14:46:27,80.6900,65,2
2026-05-11,000333,14:46:30,80.6900,103,2
2026-05-11,000333,14:46:33,80.7100,24,1
2026-05-11,000333,14:46:36,80.6900,30,2
2026-05-11,000333,14:46:39,80.6900,103,2
2026-05-11,000333,14:46:42,80.7000,14,1
2026-05-11,000333,14:46:45,80.6900,116,2
2026-05-11,000333,14:46:48,80.6900,97,2
2026-05-11,000333,14:46:51,80.7000,92,4
2026-05-11,000333,14:46:54,80.7100,56,1
2026-05-11,000333,14:46:57,80.7100,39,1
2026-05-11,000333,14:47:00,80.7200,56,1
2026-05-11,000333,14:47:03,80.7200,38,2
2026-05-11,000333,14:47:06,80.7200,47,2
2026-05-11,000333,14:47:09,80.7100,2,2
2026-05-11,000333,14:47:12,80.7200,51,1
2026-05-11,000333,14:47:15,80.7100,46,2
2026-05-11,000333,14:47:18,80.7100,31,2
2026-05-11,000333,14:47:21,80.7100,40,1
2026-05-11,000333,14:47:24,80.7200,71,1
2026-05-11,000333,14:47:27,80.7200,145,1
2026-05-11,000333,14:47:30,80.7000,44,2
2026-05-11,000333,14:47:33,80.7100,50,1
2026-05-11,000333,14:47:36,80.7000,23,2
2026-05-11,000333,14:47:39,80.7000,933,1
2026-05-11,000333,14:47:42,80.7100,215,1
2026-05-11,000333,14:47:45,80.7200,90,1
2026-05-11,000333,14:47:48,80.7300,4,1
2026-05-11,000333,14:47:51,80.7300,117,1
2026-05-11,000333,14:47:54,80.7300,30,1
2026-05-11,000333,14:47:57,80.7300,37,1
2026-05-11,000333,14:48:00,80.7100,16,2
2026-05-11,000333,14:48:03,80.7200,39,2
2026-05-11,000333,14:48:06,80.7300,36,2
2026-05-11,000333,14:48:09,80.7400,94,1
2026-05-11,000333,14:48:12,80.7300,12,1
2026-05-11,000333,14:48:15,80.7300,39,1
2026-05-11,000333,14:48:18,80.7300,42,1
2026-05-11,000333,14:48:21,80.7200,63,2
2026-05-11,000333,14:48:24,80.7200,125,1
2026-05-11,000333,14:48:27,80.7000,96,2
2026-05-11,000333,14:48:30,80.7000,128,2
2026-05-11,000333,14:48:33,80.6900,19,2
2026-05-11,000333,14:48:36,80.7000,926,1
2026-05-11,000333,14:48:39,80.6900,66,4
2026-05-11,000333,14:48:42,80.7000,151,1
2026-05-11,000333,14:48:45,80.7000,116,2
2026-05-11,000333,14:48:48,80.7200,60,1
2026-05-11,000333,14:48:51,80.7300,12,1
2026-05-11,000333,14:48:54,80.7000,540,2
2026-05-11,000333,14:48:57,80.7100,1063,1
2026-05-11,000333,14:49:00,80.7100,185,1
2026-05-11,000333,14:49:03,80.7000,86,2
2026-05-11,000333,14:49:06,80.7000,3,2
2026-05-11,000333,14:49:09,80.7200,15,2
2026-05-11,000333,14:49:12,80.7200,28,2
2026-05-11,000333,14:49:15,80.7200,233,2
2026-05-11,000333,14:49:18,80.7100,32,2
2026-05-11,000333,14:49:21,80.7100,134,2
2026-05-11,000333,14:49:24,80.7200,19,2
2026-05-11,000333,14:49:27,80.7200,75,2
2026-05-11,000333,14:49:30,80.7100,2,2
2026-05-11,000333,14:49:33,80.7200,30,1
2026-05-11,000333,14:49:36,80.7300,77,1
2026-05-11,000333,14:49:39,80.7400,14,1
2026-05-11,000333,14:49:42,80.7400,78,1
2026-05-11,000333,14:49:45,80.7200,11,2
2026-05-11,000333,14:49:48,80.7400,43,1
2026-05-11,000333,14:49:51,80.7200,36,2
2026-05-11,000333,14:49:54,80.7300,29,1
2026-05-11,000333,14:49:57,80.7200,8,2
2026-05-11,000333,14:50:00,80.7300,64,1
2026-05-11,000333,14:50:03,80.7200,60,2
2026-05-11,000333,14:50:06,80.7300,54,1
2026-05-11,000333,14:50:09,80.7300,16,2
2026-05-11,000333,14:50:12,80.7300,48,2
2026-05-11,000333,14:50:15,80.7300,21,1
2026-05-11,000333,14:50:18,80.7300,40,2
2026-05-11,000333,14:50:21,80.7300,54,2
2026-05-11,000333,14:50:24,80.7500,40,1
2026-05-11,000333,14:50:27,80.7600,7,1
2026-05-11,000333,14:50:30,80.7300,74,2
2026-05-11,000333,14:50:33,80.7300,138,1
2026-05-11,000333,14:50:36,80.7200,97,2
2026-05-11,000333,14:50:39,80.7300,42,4
2026-05-11,000333,14:50:42,80.7300,100,1
2026-05-11,000333,14:50:45,80.7500,33,1
2026-05-11,000333,14:50:48,80.7400,13,2
2026-05-11,000333,14:50:51,80.7500,12,1
2026-05-11,000333,14:50:54,80.7600,6,1
2026-05-11,000333,14:50:57,80.7500,58,4
2026-05-11,000333,14:51:00,80.7900,119,1
2026-05-11,000333,14:51:03,80.7600,11,2
2026-05-11,000333,14:51:06,80.7600,15,1
2026-05-11,000333,14:51:09,80.7700,24,1
2026-05-11,000333,14:51:12,80.7600,43,2
2026-05-11,000333,14:51:15,80.7600,34,1
2026-05-11,000333,14:51:18,80.7600,1244,1
2026-05-11,000333,14:51:21,80.7600,82,1
2026-05-11,000333,14:51:24,80.7900,21,1
2026-05-11,000333,14:51:27,80.7700,4,1
2026-05-11,000333,14:51:30,80.7600,65,2
2026-05-11,000333,14:51:33,80.7600,59,1
2026-05-11,000333,14:51:36,80.7500,45,1
2026-05-11,000333,14:51:39,80.7200,38,2
2026-05-11,000333,14:51:42,80.7500,33,1
2026-05-11,000333,14:51:45,80.7400,150,1
2026-05-11,000333,14:51:51,80.7600,2,2
2026-05-11,000333,14:51:54,80.7600,25,2
2026-05-11,000333,14:51:57,80.7400,122,2
2026-05-11,000333,14:52:00,80.7400,34,2
2026-05-11,000333,14:52:03,80.7500,129,1
2026-05-11,000333,14:52:06,80.7500,54,4
2026-05-11,000333,14:52:09,80.7600,91,1
2026-05-11,000333,14:52:12,80.7700,25,1
2026-05-11,000333,14:52:15,80.7700,135,1
2026-05-11,000333,14:52:18,80.7600,24,2
2026-05-11,000333,14:52:21,80.7600,13,2
2026-05-11,000333,14:52:24,80.7700,43,1
2026-05-11,000333,14:52:30,80.7700,37,2
2026-05-11,000333,14:52:33,80.7500,16,2
2026-05-11,000333,14:52:36,80.7600,204,1
2026-05-11,000333,14:52:39,80.7600,20,1
2026-05-11,000333,14:52:42,80.7800,44,1
2026-05-11,000333,14:52:45,80.7600,5,2
2026-05-11,000333,14:52:48,80.7800,42,1
2026-05-11,000333,14:52:51,80.7400,147,2
2026-05-11,000333,14:52:54,80.7300,84,4
2026-05-11,000333,14:52:57,80.7300,44,2
2026-05-11,000333,14:53:00,80.7400,41,1
2026-05-11,000333,14:53:03,80.7300,40,2
2026-05-11,000333,14:53:06,80.7600,32,1
2026-05-11,000333,14:53:09,80.7300,268,2
2026-05-11,000333,14:53:12,80.7700,57,1
2026-05-11,000333,14:53:15,80.7900,14,1
2026-05-11,000333,14:53:18,80.7700,55,2
2026-05-11,000333,14:53:21,80.7700,35,1
2026-05-11,000333,14:53:24,80.7700,61,2
2026-05-11,000333,14:53:27,80.7800,7,1
2026-05-11,000333,14:53:30,80.7700,60,2
2026-05-11,000333,14:53:33,80.7600,18,2
2026-05-11,000333,14:53:36,80.7600,31,1
2026-05-11,000333,14:53:39,80.7700,25,1
2026-05-11,000333,14:53:42,80.7800,10,1
2026-05-11,000333,14:53:45,80.7700,87,1
2026-05-11,000333,14:53:48,80.7600,53,2
2026-05-11,000333,14:53:51,80.7600,13,1
2026-05-11,000333,14:53:54,80.8000,312,1
2026-05-11,000333,14:53:57,80.8100,54,1
2026-05-11,000333,14:54:00,80.7800,42,2
2026-05-11,000333,14:54:03,80.7600,48,2
2026-05-11,000333,14:54:06,80.7800,93,1
2026-05-11,000333,14:54:09,80.7700,54,1
2026-05-11,000333,14:54:12,80.7800,66,1
2026-05-11,000333,14:54:15,80.7800,52,2
2026-05-11,000333,14:54:18,80.7900,23,4
2026-05-11,000333,14:54:21,80.7600,53,2
2026-05-11,000333,14:54:24,80.8000,23,1
2026-05-11,000333,14:54:27,80.7900,18,1
2026-05-11,000333,14:54:30,80.7800,25,2
2026-05-11,000333,14:54:33,80.7800,50,2
2026-05-11,000333,14:54:36,80.7900,95,1
2026-05-11,000333,14:54:39,80.7800,13,4
2026-05-11,000333,14:54:42,80.7500,64,2
2026-05-11,000333,14:54:45,80.7700,41,1
2026-05-11,000333,14:54:48,80.7700,29,1
2026-05-11,000333,14:54:51,80.7600,80,2
2026-05-11,000333,14:54:54,80.7700,37,1
2026-05-11,000333,14:54:57,80.7700,82,1
2026-05-11,000333,14:55:00,80.7300,54,2
2026-05-11,000333,14:55:03,80.7900,90,1
2026-05-11,000333,14:55:06,80.8100,147,1
2026-05-11,000333,14:55:09,80.7800,17,2
2026-05-11,000333,14:55:12,80.7700,11,4
2026-05-11,000333,14:55:15,80.8100,531,1
2026-05-11,000333,14:55:18,80.8900,338,1
2026-05-11,000333,14:55:21,80.8900,227,2
2026-05-11,000333,14:55:24,80.8900,1252,2
2026-05-11,000333,14:55:27,80.8900,1044,2
2026-05-11,000333,14:55:30,80.9000,41,1
2026-05-11,000333,14:55:33,80.9800,1001,1
2026-05-11,000333,14:55:36,80.9000,161,2
2026-05-11,000333,14:55:39,80.9000,54,1
2026-05-11,000333,14:55:42,80.8900,25,1
2026-05-11,000333,14:55:45,80.9200,126,1
2026-05-11,000333,14:55:48,80.9900,47,1
2026-05-11,000333,14:55:51,80.9200,25,2
2026-05-11,000333,14:55:54,80.9900,30,1
2026-05-11,000333,14:55:57,80.9600,45,1
2026-05-11,000333,14:56:00,80.9800,99,1
2026-05-11,000333,14:56:03,80.9200,34,2
2026-05-11,000333,14:56:06,80.9600,24,1
2026-05-11,000333,14:56:09,80.9800,66,1
2026-05-11,000333,14:56:12,80.9000,40,1
2026-05-11,000333,14:56:15,80.9400,44,4
2026-05-11,000333,14:56:18,80.9100,33,2
2026-05-11,000333,14:56:21,80.9100,17,2
2026-05-11,000333,14:56:24,80.8700,85,2
2026-05-11,000333,14:56:27,80.8900,74,1
2026-05-11,000333,14:56:30,80.8900,57,2
2026-05-11,000333,14:56:33,80.9100,36,1
2026-05-11,000333,14:56:36,80.9800,107,1
2026-05-11,000333,14:56:39,80.9900,297,1
2026-05-11,000333,14:56:42,80.9300,37,1
2026-05-11,000333,14:56:45,80.8900,97,2
2026-05-11,000333,14:56:48,80.8700,59,2
2026-05-11,000333,14:56:51,80.8600,50,2
2026-05-11,000333,14:56:54,80.9300,41,1
2026-05-11,000333,14:56:57,80.8800,49,2
2026-05-11,000333,14:57:00,80.8800,52,2
2026-05-11,000333,15:00:01,80.6700,3800,4
2026-05-11,000333,13:16:54,81.0100,106,2
2026-05-11,000333,13:16:57,81.0200,174,2
2026-05-11,000333,13:17:00,80.9800,142,2
2026-05-11,000333,13:17:03,81.0600,64,1
2026-05-11,000333,13:17:06,81.0300,31,2
2026-05-11,000333,13:17:09,81.0600,27,2
2026-05-11,000333,13:17:12,81.0400,53,2
2026-05-11,000333,13:17:15,81.0400,29,2
2026-05-11,000333,13:17:18,81.0400,20,2
2026-05-11,000333,13:17:21,81.0400,37,1
2026-05-11,000333,13:17:24,81.0100,22,2
2026-05-11,000333,13:17:27,81.0000,62,2
2026-05-11,000333,13:17:30,81.0100,22,1
2026-05-11,000333,13:17:33,80.9900,51,2
2026-05-11,000333,13:17:36,81.0000,16,2
2026-05-11,000333,13:17:39,81.0400,18,1
2026-05-11,000333,13:17:42,81.0000,89,2
2026-05-11,000333,13:17:45,80.9800,47,2
2026-05-11,000333,13:17:48,80.9900,16,1
2026-05-11,000333,13:17:51,80.9800,22,2
2026-05-11,000333,13:17:54,80.9800,41,1
2026-05-11,000333,13:17:57,80.9600,64,2
2026-05-11,000333,13:18:00,80.9600,51,2
2026-05-11,000333,13:18:03,80.9900,42,1
2026-05-11,000333,13:18:06,81.0000,62,1
2026-05-11,000333,13:18:09,81.0000,30,2
2026-05-11,000333,13:18:12,81.0000,13,2
2026-05-11,000333,13:18:15,81.0100,16,1
2026-05-11,000333,13:18:18,81.0100,21,2
2026-05-11,000333,13:18:21,81.0000,48,2
2026-05-11,000333,13:18:24,81.0000,27,2
2026-05-11,000333,13:18:27,80.9500,64,2
2026-05-11,000333,13:18:30,80.9500,260,2
2026-05-11,000333,13:18:33,80.9400,165,2
2026-05-11,000333,13:18:36,80.9200,117,2
2026-05-11,000333,13:18:39,80.9300,141,1
2026-05-11,000333,13:18:42,80.9300,136,1
2026-05-11,000333,13:18:45,80.9300,46,2
2026-05-11,000333,13:18:48,80.9300,114,2
2026-05-11,000333,13:18:51,80.9300,94,1
2026-05-11,000333,13:18:54,80.8900,83,2
2026-05-11,000333,13:18:57,80.9300,143,1
2026-05-11,000333,13:19:00,80.9000,43,2
2026-05-11,000333,13:19:03,80.9200,130,1
2026-05-11,000333,13:19:06,80.9000,37,1
2026-05-11,000333,13:19:09,80.9100,43,1
2026-05-11,000333,13:19:12,80.9100,71,1
2026-05-11,000333,13:19:15,80.8900,28,2
2026-05-11,000333,13:19:18,80.8800,39,2
2026-05-11,000333,13:19:21,80.8500,195,2
2026-05-11,000333,13:19:24,80.8500,135,1
2026-05-11,000333,13:19:27,80.8500,127,1
2026-05-11,000333,13:19:30,80.8500,54,2
2026-05-11,000333,13:19:33,80.8500,65,2
2026-05-11,000333,13:19:36,80.8500,49,2
2026-05-11,000333,13:19:39,80.8800,45,1
2026-05-11,000333,13:19:42,80.8800,70,1
2026-05-11,000333,13:19:45,80.8100,107,2
2026-05-11,000333,13:19:48,80.8100,54,2
2026-05-11,000333,13:19:51,80.8100,109,1
2026-05-11,000333,13:19:54,80.8000,147,2
2026-05-11,000333,13:19:57,80.7900,306,2
2026-05-11,000333,13:20:00,80.8200,282,1
2026-05-11,000333,13:20:03,80.8200,123,2
2026-05-11,000333,13:20:06,80.8200,101,2
2026-05-11,000333,13:20:09,80.8000,94,2
2026-05-11,000333,13:20:12,80.7600,75,2
2026-05-11,000333,13:20:15,80.8000,191,1
2026-05-11,000333,13:20:18,80.8000,247,4
2026-05-11,000333,13:20:21,80.8100,253,1
2026-05-11,000333,13:20:24,80.8100,248,2
2026-05-11,000333,13:20:27,80.8000,84,4
2026-05-11,000333,13:20:30,80.8000,39,1
2026-05-11,000333,13:20:33,80.8200,152,1
2026-05-11,000333,13:20:36,80.8000,57,2
2026-05-11,000333,13:20:39,80.8300,132,2
2026-05-11,000333,13:20:42,80.8000,70,2
2026-05-11,000333,13:20:45,80.8100,116,2
2026-05-11,000333,13:20:48,80.8300,191,1
2026-05-11,000333,13:20:51,80.8100,119,2
2026-05-11,000333,13:20:54,80.8200,145,4
2026-05-11,000333,13:20:57,80.8000,83,2
2026-05-11,000333,13:21:00,80.7900,142,4
2026-05-11,000333,13:21:03,80.7800,249,2
2026-05-11,000333,13:21:06,80.7500,173,2
2026-05-11,000333,13:21:09,80.7500,138,2
2026-05-11,000333,13:21:12,80.7600,127,4
2026-05-11,000333,13:21:15,80.7600,115,2
2026-05-11,000333,13:21:18,80.7700,124,1
2026-05-11,000333,13:21:21,80.7800,38,1
2026-05-11,000333,13:21:24,80.7800,26,2
2026-05-11,000333,13:21:27,80.7800,44,1
2026-05-11,000333,13:21:30,80.7800,28,2
2026-05-11,000333,13:21:33,80.7800,30,1
2026-05-11,000333,13:21:36,80.7800,21,1
2026-05-11,000333,13:21:39,80.7700,16,4
2026-05-11,000333,13:21:42,80.7500,54,2
2026-05-11,000333,13:21:45,80.7500,39,2
2026-05-11,000333,13:21:48,80.7800,54,1
2026-05-11,000333,13:21:51,80.7800,22,2
2026-05-11,000333,13:21:54,80.7800,66,2
2026-05-11,000333,13:21:57,80.7800,46,1
2026-05-11,000333,13:22:00,80.7800,36,1
2026-05-11,000333,13:22:03,80.7500,88,2
2026-05-11,000333,13:22:06,80.7600,95,2
2026-05-11,000333,13:22:09,80.8700,56,1
2026-05-11,000333,13:22:12,80.7700,86,2
2026-05-11,000333,13:22:15,80.8500,29,1
2026-05-11,000333,13:22:18,80.7900,14,2
2026-05-11,000333,13:22:21,80.7800,19,2
2026-05-11,000333,13:22:24,80.8200,70,2
2026-05-11,000333,13:22:27,80.8200,48,2
2026-05-11,000333,13:22:30,80.8300,42,4
2026-05-11,000333,13:22:33,80.8000,28,2
2026-05-11,000333,13:22:36,80.8000,23,2
2026-05-11,000333,13:22:39,80.8000,22,2
2026-05-11,000333,13:22:42,80.8100,35,4
2026-05-11,000333,13:22:45,80.8200,72,1
2026-05-11,000333,13:22:48,80.7800,22,2
2026-05-11,000333,13:22:51,80.7700,10,2
2026-05-11,000333,13:22:54,80.7800,54,2
2026-05-11,000333,13:22:57,80.7900,46,4
2026-05-11,000333,13:23:00,80.7800,11,2
2026-05-11,000333,13:23:03,80.7700,21,2
2026-05-11,000333,13:23:06,80.7900,47,1
2026-05-11,000333,13:23:09,80.7800,71,2
2026-05-11,000333,13:23:12,80.7800,19,2
2026-05-11,000333,13:23:15,80.7800,18,2
2026-05-11,000333,13:23:18,80.7800,26,2
2026-05-11,000333,13:23:21,80.8100,17,1
2026-05-11,000333,13:23:24,80.8100,12,1
2026-05-11,000333,13:23:27,80.8100,25,1
2026-05-11,000333,13:23:30,80.7800,100,2
2026-05-11,000333,13:23:33,80.8000,36,4
2026-05-11,000333,13:23:36,80.7900,8,4
2026-05-11,000333,13:23:39,80.7800,11,1
2026-05-11,000333,13:23:42,80.7900,89,1
2026-05-11,000333,13:23:45,80.7600,83,2
2026-05-11,000333,13:23:48,80.7600,47,2
2026-05-11,000333,13:23:51,80.7800,40,2
2026-05-11,000333,13:23:54,80.7900,16,2
2026-05-11,000333,13:23:57,80.7500,47,2
2026-05-11,000333,13:24:00,80.7800,26,2
2026-05-11,000333,13:24:03,80.8200,21,1
2026-05-11,000333,13:24:06,80.8500,80,1
2026-05-11,000333,13:24:09,80.8400,65,2
2026-05-11,000333,13:24:12,80.8300,40,2
2026-05-11,000333,13:24:15,80.8300,9,2
2026-05-11,000333,13:24:18,80.8300,93,2
2026-05-11,000333,13:24:21,80.8200,87,2
2026-05-11,000333,13:24:24,80.8200,45,1
2026-05-11,000333,13:24:27,80.7800,40,2
2026-05-11,000333,13:24:30,80.8200,53,1
2026-05-11,000333,13:24:33,80.8200,26,2
2026-05-11,000333,13:24:36,80.8300,42,2
2026-05-11,000333,13:24:39,80.7800,25,2
2026-05-11,000333,13:24:42,80.8200,54,1
2026-05-11,000333,13:24:45,80.8200,39,2
2026-05-11,000333,13:24:48,80.8000,49,1
2026-05-11,000333,13:24:51,80.7700,51,2
2026-05-11,000333,13:24:54,80.8200,170,1
2026-05-11,000333,13:24:57,80.8000,100,2
2026-05-11,000333,13:25:00,80.7700,68,2
2026-05-11,000333,13:25:03,80.7700,95,2
2026-05-11,000333,13:25:06,80.7900,140,1
2026-05-11,000333,13:25:09,80.8300,55,2
2026-05-11,000333,13:25:12,80.8500,100,1
2026-05-11,000333,13:25:15,80.8500,79,2
2026-05-11,000333,13:25:18,80.8500,17,1
2026-05-11,000333,13:25:21,80.9000,51,1
2026-05-11,000333,13:25:24,80.8500,27,2
2026-05-11,000333,13:25:27,80.9100,45,1
2026-05-11,000333,13:25:30,80.8200,28,2
2026-05-11,000333,13:25:33,80.8700,19,1
2026-05-11,000333,13:25:36,80.8300,19,2
2026-05-11,000333,13:25:39,80.8500,44,1
2026-05-11,000333,13:25:42,80.8300,71,2
2026-05-11,000333,13:25:45,80.8700,50,1
2026-05-11,000333,13:25:48,80.8400,20,2
2026-05-11,000333,13:25:51,80.8400,70,2
2026-05-11,000333,13:25:54,80.8400,198,2
2026-05-11,000333,13:25:57,80.8400,91,1
2026-05-11,000333,13:26:00,80.8100,36,2
2026-05-11,000333,13:26:03,80.8400,275,1
2026-05-11,000333,13:26:06,80.8000,133,2
2026-05-11,000333,13:26:09,80.8300,7,2
2026-05-11,000333,13:26:12,80.8200,87,2
2026-05-11,000333,13:26:15,80.8000,111,2
2026-05-11,000333,13:26:18,80.8200,64,1
2026-05-11,000333,13:26:21,80.8200,86,1
2026-05-11,000333,13:26:24,80.8200,48,2
2026-05-11,000333,13:26:27,80.8000,41,2
2026-05-11,000333,13:26:30,80.8000,30,2
2026-05-11,000333,13:26:33,80.8000,29,2
2026-05-11,000333,13:26:36,80.9000,67,1
2026-05-11,000333,13:26:39,80.9100,21,1
2026-05-11,000333,13:26:42,80.9200,48,1
2026-05-11,000333,13:26:45,80.9300,36,2
2026-05-11,000333,13:26:48,80.9700,73,1
2026-05-11,000333,13:26:51,80.9800,67,1
2026-05-11,000333,13:26:54,80.9900,51,1
2026-05-11,000333,13:26:57,80.9900,42,2
2026-05-11,000333,13:27:00,80.9600,86,2
2026-05-11,000333,13:27:03,80.9900,194,1
2026-05-11,000333,13:27:06,81.0100,77,1
2026-05-11,000333,13:27:09,81.0000,28,2
2026-05-11,000333,13:27:12,80.9600,30,2
2026-05-11,000333,13:27:15,80.9300,10,2
2026-05-11,000333,13:27:18,80.9600,11,2
2026-05-11,000333,13:27:21,81.0000,23,1
2026-05-11,000333,13:27:24,81.0000,32,2
2026-05-11,000333,13:27:27,80.9200,12,2
2026-05-11,000333,13:27:30,80.8700,40,2
2026-05-11,000333,13:27:33,80.8700,39,2
2026-05-11,000333,13:27:36,80.8700,65,2
2026-05-11,000333,13:27:39,80.8800,27,2
2026-05-11,000333,13:27:42,80.9200,30,1
2026-05-11,000333,13:27:45,80.9200,36,2
2026-05-11,000333,13:27:48,80.9800,22,1
2026-05-11,000333,13:27:51,80.9300,36,2
2026-05-11,000333,13:27:54,80.8600,53,2
2026-05-11,000333,13:27:57,80.9500,84,1
2026-05-11,000333,13:28:00,80.9400,55,1
2026-05-11,000333,13:28:03,80.8500,76,2
2026-05-11,000333,13:28:06,80.8600,32,2
2026-05-11,000333,13:28:09,80.8900,9,1
2026-05-11,000333,13:28:12,80.8900,36,4
2026-05-11,000333,13:28:15,80.8900,56,2
2026-05-11,000333,13:28:18,80.9500,26,1
2026-05-11,000333,13:28:21,80.9600,28,1
2026-05-11,000333,13:28:24,81.0000,55,1
2026-05-11,000333,13:28:27,80.9600,55,2
2026-05-11,000333,13:28:30,80.9700,44,2
2026-05-11,000333,13:28:33,80.9500,19,2
2026-05-11,000333,13:28:36,80.9500,13,2
2026-05-11,000333,13:28:39,80.9500,5,1
2026-05-11,000333,13:28:42,80.9600,15,1
2026-05-11,000333,13:28:45,81.0000,33,1
2026-05-11,000333,13:28:48,80.9900,9,2
2026-05-11,000333,13:28:51,80.9900,31,2
2026-05-11,000333,13:28:54,81.0000,13,1
2026-05-11,000333,13:28:57,80.9900,52,2
2026-05-11,000333,13:29:00,80.9900,50,1
2026-05-11,000333,13:29:03,80.9800,60,1
2026-05-11,000333,13:29:06,81.0000,38,1
2026-05-11,000333,13:29:09,81.0000,36,1
2026-05-11,000333,13:29:12,81.0100,24,1
2026-05-11,000333,13:29:15,80.9600,5,2
2026-05-11,000333,13:29:18,80.9600,3,2
2026-05-11,000333,13:29:21,81.0000,18,1
2026-05-11,000333,13:29:24,80.9600,42,2
2026-05-11,000333,13:29:27,80.9500,24,2
2026-05-11,000333,13:29:30,80.9600,32,1
2026-05-11,000333,13:29:33,81.0000,30,1
2026-05-11,000333,13:29:36,81.0000,24,1
2026-05-11,000333,13:29:39,81.0000,48,1
2026-05-11,000333,13:29:42,81.0000,112,1
2026-05-11,000333,13:29:45,80.9700,234,2
2026-05-11,000333,13:29:48,81.0200,47,1
2026-05-11,000333,13:29:51,81.0000,9,2
2026-05-11,000333,13:29:54,81.0000,69,2
2026-05-11,000333,13:29:57,80.9600,73,2
2026-05-11,000333,13:30:00,80.8900,63,2
2026-05-11,000333,13:30:03,80.8600,32,2
2026-05-11,000333,13:30:06,80.9400,93,1
2026-05-11,000333,13:30:09,80.8800,337,2
2026-05-11,000333,13:30:12,80.9400,6,2
2026-05-11,000333,13:30:15,80.9300,32,2
2026-05-11,000333,13:30:18,80.9400,5,2
2026-05-11,000333,13:30:21,80.9400,30,2
2026-05-11,000333,13:30:24,80.9400,11,2
2026-05-11,000333,13:30:27,80.9300,21,2
2026-05-11,000333,13:30:30,80.9200,17,2
2026-05-11,000333,13:30:33,80.9300,22,1
2026-05-11,000333,13:30:36,80.8900,36,2
2026-05-11,000333,13:30:39,80.9000,19,2
2026-05-11,000333,13:30:42,80.8800,37,2
2026-05-11,000333,13:30:45,80.9000,14,1
2026-05-11,000333,13:30:48,80.9000,11,2
2026-05-11,000333,13:30:51,80.9000,31,2
2026-05-11,000333,13:30:54,80.9000,33,1
2026-05-11,000333,13:30:57,80.9000,35,1
2026-05-11,000333,13:31:00,80.9000,37,1
2026-05-11,000333,13:31:03,80.9200,81,1
2026-05-11,000333,13:31:06,81.0000,182,1
2026-05-11,000333,13:31:09,81.0100,135,1
2026-05-11,000333,13:31:12,81.0000,105,1
2026-05-11,000333,13:31:15,80.9200,64,2
2026-05-11,000333,13:31:18,81.0000,40,1
2026-05-11,000333,13:31:21,81.0400,35,1
2026-05-11,000333,13:31:24,80.9400,15,2
2026-05-11,000333,13:31:27,80.9700,108,2
2026-05-11,000333,13:31:30,81.0200,30,1
2026-05-11,000333,13:31:33,81.0200,15,1
2026-05-11,000333,13:31:36,80.9900,53,2
2026-05-11,000333,13:31:39,80.9800,57,2
2026-05-11,000333,13:31:42,80.9300,38,2
2026-05-11,000333,13:31:45,80.9200,29,2
2026-05-11,000333,13:31:48,80.9400,26,2
2026-05-11,000333,13:31:51,80.9400,19,2
2026-05-11,000333,13:31:54,80.9500,46,1
2026-05-11,000333,13:31:57,80.9500,61,1
2026-05-11,000333,13:32:00,80.9500,40,2
2026-05-11,000333,13:32:03,80.9600,32,1
2026-05-11,000333,13:32:06,80.9700,27,1
2026-05-11,000333,13:32:09,81.0100,105,1
2026-05-11,000333,13:32:12,81.0100,65,1
2026-05-11,000333,13:32:15,80.9500,561,2
2026-05-11,000333,13:32:18,81.0000,24,1
2026-05-11,000333,13:32:21,80.9500,69,2
2026-05-11,000333,13:32:24,80.9600,46,2
2026-05-11,000333,13:32:27,80.9400,47,2
2026-05-11,000333,13:32:30,80.9000,79,2
2026-05-11,000333,13:32:33,80.9000,31,2
2026-05-11,000333,13:32:36,80.9000,33,2
2026-05-11,000333,13:32:39,80.8700,87,2
2026-05-11,000333,13:32:42,80.8900,154,1
2026-05-11,000333,13:32:45,80.8500,34,2
2026-05-11,000333,13:32:48,80.8900,27,1
2026-05-11,000333,13:32:51,80.8800,53,4
2026-05-11,000333,13:32:54,80.9500,25,1
2026-05-11,000333,13:32:57,80.9500,55,1
2026-05-11,000333,13:33:00,80.9400,58,1
2026-05-11,000333,13:33:03,80.8900,46,2
2026-05-11,000333,13:33:06,80.8900,150,1
2026-05-11,000333,13:33:09,80.9800,118,1
2026-05-11,000333,13:33:12,80.9000,40,2
2026-05-11,000333,13:33:15,80.9600,15,1
2026-05-11,000333,13:33:18,80.9400,61,1
2026-05-11,000333,13:33:21,80.9900,69,1
2026-05-11,000333,13:33:24,80.9200,11,2
2026-05-11,000333,13:33:27,80.9200,75,2
2026-05-11,000333,13:33:30,80.9200,35,2
2026-05-11,000333,13:33:33,80.9200,15,1
2026-05-11,000333,13:33:36,80.9100,29,2
2026-05-11,000333,13:33:39,80.9100,9,2
2026-05-11,000333,13:33:42,80.9200,82,1
2026-05-11,000333,13:33:45,80.9300,28,4
2026-05-11,000333,13:33:48,80.9300,59,2
2026-05-11,000333,13:33:51,80.9300,23,2
2026-05-11,000333,13:33:54,80.9400,37,1
2026-05-11,000333,13:33:57,80.9400,97,1
2026-05-11,000333,13:34:00,80.9400,13,1
2026-05-11,000333,13:34:03,80.9100,54,2
2026-05-11,000333,13:34:06,80.9400,169,1
2026-05-11,000333,13:34:09,80.9100,60,2
2026-05-11,000333,13:34:12,80.9300,49,2
2026-05-11,000333,13:34:15,81.0000,10,1
2026-05-11,000333,13:34:18,80.9100,16,2
2026-05-11,000333,13:34:21,80.9200,10,1
2026-05-11,000333,13:34:24,80.9200,156,1
2026-05-11,000333,13:34:27,80.9100,10,2
2026-05-11,000333,13:34:30,80.9000,13,2
2026-05-11,000333,13:34:33,80.9000,68,1
2026-05-11,000333,13:34:36,80.9400,50,1
2026-05-11,000333,13:34:39,80.9600,3,1
2026-05-11,000333,13:34:42,80.9600,52,1
2026-05-11,000333,13:34:45,80.9600,25,2
2026-05-11,000333,13:34:48,80.9800,17,1
2026-05-11,000333,13:34:51,80.9600,15,2
2026-05-11,000333,13:34:54,80.9700,29,1
2026-05-11,000333,13:34:57,80.9700,26,1
2026-05-11,000333,13:35:00,80.9800,145,1
2026-05-11,000333,13:35:03,80.9900,20,1
2026-05-11,000333,13:35:06,80.9900,14,2
2026-05-11,000333,13:35:09,80.9900,8,2
2026-05-11,000333,13:35:12,81.0000,32,1
2026-05-11,000333,13:35:15,81.0000,86,1
2026-05-11,000333,13:35:18,80.9900,19,2
2026-05-11,000333,13:35:21,80.9900,41,2
2026-05-11,000333,13:35:24,80.9900,62,1
2026-05-11,000333,13:35:27,80.9900,24,1
2026-05-11,000333,13:35:30,80.9800,24,2
2026-05-11,000333,13:35:33,80.9900,88,1
2026-05-11,000333,13:35:36,81.0300,41,1
2026-05-11,000333,13:35:39,81.0000,17,2
2026-05-11,000333,13:35:42,81.0000,41,2
2026-05-11,000333,13:35:45,81.0100,18,2
2026-05-11,000333,13:35:48,81.0000,35,2
2026-05-11,000333,13:35:51,80.9900,27,2
2026-05-11,000333,13:35:54,81.0000,11,1
2026-05-11,000333,13:35:57,80.9900,78,2
2026-05-11,000333,13:36:00,80.9700,22,2
2026-05-11,000333,13:36:03,80.9500,16,2
2026-05-11,000333,13:36:06,80.9400,31,2
2026-05-11,000333,13:36:09,80.9600,32,1
2026-05-11,000333,13:36:12,80.9600,53,2
2026-05-11,000333,13:36:15,80.9600,27,2
2026-05-11,000333,13:36:18,80.9600,57,2
2026-05-11,000333,13:36:21,80.9600,123,2
2026-05-11,000333,13:36:24,80.9700,53,2
2026-05-11,000333,13:36:27,80.9700,37,1
2026-05-11,000333,13:36:30,80.9700,63,1
2026-05-11,000333,13:36:33,80.9700,35,2
2026-05-11,000333,13:36:36,80.9900,12,1
2026-05-11,000333,13:36:39,80.9900,18,1
2026-05-11,000333,13:36:42,80.9900,80,1
2026-05-11,000333,13:36:45,80.9900,10,2
2026-05-11,000333,13:36:48,81.0300,11,1
2026-05-11,000333,13:36:51,81.0000,11,2
2026-05-11,000333,13:36:54,80.9900,17,2
2026-05-11,000333,13:36:57,81.0200,22,1
2026-05-11,000333,13:37:00,80.9900,17,2
2026-05-11,000333,13:37:03,80.9800,65,2
2026-05-11,000333,13:37:06,80.9500,41,2
2026-05-11,000333,13:37:09,80.9400,57,2
2026-05-11,000333,13:37:12,80.9100,55,2
2026-05-11,000333,13:37:15,80.9400,109,1
2026-05-11,000333,13:37:18,80.9600,52,1
2026-05-11,000333,13:37:21,80.9500,32,2
2026-05-11,000333,13:37:24,80.9700,17,1
2026-05-11,000333,13:37:27,80.9700,46,1
2026-05-11,000333,13:37:30,80.9600,25,2
2026-05-11,000333,13:37:33,80.9600,36,2
2026-05-11,000333,13:37:36,80.9700,27,1
2026-05-11,000333,13:37:39,80.9700,54,1
2026-05-11,000333,13:37:42,80.9600,32,2
2026-05-11,000333,13:37:45,80.9600,22,2
2026-05-11,000333,13:37:48,80.9700,9,1
2026-05-11,000333,13:37:51,80.9500,27,2
2026-05-11,000333,13:37:54,80.9600,25,4
2026-05-11,000333,13:37:57,80.9500,26,2
2026-05-11,000333,13:38:00,80.9500,13,2
2026-05-11,000333,13:38:03,80.9600,84,1
2026-05-11,000333,13:38:06,80.9600,46,1
2026-05-11,000333,13:38:09,80.9600,33,1
2026-05-11,000333,13:38:12,80.9500,28,2
2026-05-11,000333,13:38:15,80.9600,3,1
2026-05-11,000333,13:38:18,80.9500,84,2
2026-05-11,000333,13:38:21,80.9100,168,2
2026-05-11,000333,13:38:24,80.9100,117,2
2026-05-11,000333,13:38:27,80.9100,51,2
2026-05-11,000333,13:38:30,80.9000,40,2
2026-05-11,000333,13:38:33,80.8700,52,2
2026-05-11,000333,13:38:36,80.9000,168,1
2026-05-11,000333,13:38:39,80.9400,102,1
2026-05-11,000333,13:38:42,80.9000,78,2
2026-05-11,000333,13:38:45,80.9000,120,2
2026-05-11,000333,13:38:48,80.9000,68,2
2026-05-11,000333,13:38:51,80.9400,17,1
2026-05-11,000333,13:38:54,80.9400,23,1
2026-05-11,000333,13:38:57,80.9100,127,2
2026-05-11,000333,13:39:00,80.9100,62,2
2026-05-11,000333,13:39:03,80.9100,27,2
2026-05-11,000333,13:39:06,80.9000,110,2
2026-05-11,000333,13:39:09,80.9300,24,1
2026-05-11,000333,13:39:12,80.9100,60,2
2026-05-11,000333,13:39:15,80.9000,198,2
2026-05-11,000333,13:39:18,80.9000,40,2
2026-05-11,000333,13:39:21,80.8900,50,2
2026-05-11,000333,13:39:24,80.9100,26,2
2026-05-11,000333,13:39:27,80.9000,30,2
2026-05-11,000333,13:39:30,80.9000,30,2
2026-05-11,000333,13:39:33,80.9000,37,2
2026-05-11,000333,13:39:36,80.8900,45,2
2026-05-11,000333,13:39:39,80.8800,54,2
2026-05-11,000333,13:39:42,80.9100,35,1
2026-05-11,000333,13:39:45,80.8900,54,1
2026-05-11,000333,13:39:48,80.8900,39,1
2026-05-11,000333,13:39:51,80.8900,36,2
2026-05-11,000333,13:39:54,80.8900,12,2
2026-05-11,000333,13:39:57,80.8900,30,2
2026-05-11,000333,13:40:00,80.8900,20,2
2026-05-11,000333,13:40:03,80.9000,147,1
2026-05-11,000333,13:40:06,80.9000,45,2
2026-05-11,000333,13:40:09,80.9100,19,2
2026-05-11,000333,13:40:12,80.8900,58,2
2026-05-11,000333,13:40:15,80.9100,12,4
2026-05-11,000333,13:40:18,80.9300,46,1
2026-05-11,000333,13:40:21,80.9300,20,1
2026-05-11,000333,13:40:24,80.9500,78,1
2026-05-11,000333,13:40:27,80.9600,58,2
2026-05-11,000333,13:40:30,80.9500,29,2
2026-05-11,000333,13:40:33,80.9700,130,1
2026-05-11,000333,13:40:36,80.9700,24,2
2026-05-11,000333,13:40:39,80.9700,27,2
2026-05-11,000333,13:40:42,80.9300,111,2
2026-05-11,000333,13:40:45,80.9300,44,2
2026-05-11,000333,13:40:51,80.9500,59,4
2026-05-11,000333,13:40:54,80.9400,59,2
2026-05-11,000333,13:40:57,80.9100,81,2
2026-05-11,000333,13:41:00,80.9300,30,1
2026-05-11,000333,13:41:03,81.0700,120,1
2026-05-11,000333,13:41:06,81.0300,49,1
2026-05-11,000333,13:41:09,80.9300,35,2
2026-05-11,000333,13:41:12,81.0000,16,2
2026-05-11,000333,13:41:15,80.9400,73,2
2026-05-11,000333,13:41:18,80.9300,26,2
2026-05-11,000333,13:41:21,80.9400,28,1
2026-05-11,000333,13:41:24,80.9500,43,1
2026-05-11,000333,13:41:27,80.9100,92,2
2026-05-11,000333,13:41:30,80.9400,87,2
2026-05-11,000333,13:41:33,80.9400,22,2
2026-05-11,000333,13:41:36,80.9200,28,2
2026-05-11,000333,13:41:39,80.9100,59,2
2026-05-11,000333,13:41:42,80.9400,14,2
2026-05-11,000333,13:41:45,80.9200,12,2
2026-05-11,000333,13:41:48,80.9200,58,2
2026-05-11,000333,13:41:51,80.9400,115,1
2026-05-11,000333,13:41:54,80.8900,50,2
2026-05-11,000333,13:41:57,80.9300,47,1
2026-05-11,000333,13:42:00,80.9500,50,1
2026-05-11,000333,13:42:03,80.9500,63,2
2026-05-11,000333,13:42:06,80.9100,63,2
2026-05-11,000333,13:42:09,80.9100,133,2
2026-05-11,000333,13:42:12,80.9100,98,2
2026-05-11,000333,13:42:15,80.9000,40,2
2026-05-11,000333,13:42:18,81.0000,84,1
2026-05-11,000333,13:42:21,80.9400,50,2
2026-05-11,000333,13:42:24,80.9100,72,2
2026-05-11,000333,13:42:27,80.9100,55,2
2026-05-11,000333,13:42:30,80.9100,25,2
2026-05-11,000333,13:42:33,80.9200,38,2
2026-05-11,000333,13:42:36,80.9100,57,2
2026-05-11,000333,13:42:39,80.9100,29,2
2026-05-11,000333,13:42:42,80.9000,59,2
2026-05-11,000333,13:42:45,80.8900,47,2
2026-05-11,000333,13:42:48,80.8600,43,2
2026-05-11,000333,13:42:51,80.8600,33,2
2026-05-11,000333,13:42:54,80.9100,23,1
2026-05-11,000333,13:42:57,80.9400,74,1
2026-05-11,000333,13:43:00,80.8800,49,2
2026-05-11,000333,13:43:03,80.8800,64,2
2026-05-11,000333,13:43:06,80.8700,71,2
2026-05-11,000333,13:43:09,80.8800,85,2
2026-05-11,000333,13:43:12,80.8500,30,2
2026-05-11,000333,13:43:15,80.9200,29,1
2026-05-11,000333,13:43:18,80.8700,94,2
2026-05-11,000333,13:43:21,80.8800,13,2
2026-05-11,000333,13:43:24,80.8900,63,4
2026-05-11,000333,13:43:27,80.9200,40,1
2026-05-11,000333,13:43:30,80.8900,51,2
2026-05-11,000333,13:43:33,80.8800,68,2
2026-05-11,000333,13:43:36,80.8700,38,2
2026-05-11,000333,13:43:39,80.8700,61,2
2026-05-11,000333,13:43:42,80.8900,47,1
2026-05-11,000333,13:43:45,80.8700,47,2
2026-05-11,000333,13:43:48,80.8600,47,2
2026-05-11,000333,13:43:51,80.8900,54,1
2026-05-11,000333,13:43:54,80.8800,35,2
2026-05-11,000333,13:43:57,80.8500,40,2
2026-05-11,000333,13:44:00,80.8700,94,1
2026-05-11,000333,13:44:03,80.8800,45,1
2026-05-11,000333,13:44:06,80.8600,58,2
2026-05-11,000333,13:44:09,80.8700,39,4
2026-05-11,000333,13:44:12,80.8600,53,2
2026-05-11,000333,13:44:15,80.8600,28,2
2026-05-11,000333,13:44:18,80.8600,13,2
2026-05-11,000333,13:44:21,80.8600,56,4
2026-05-11,000333,13:44:24,80.8600,28,2
2026-05-11,000333,13:44:27,80.9200,152,1
2026-05-11,000333,13:44:30,80.8600,52,2
2026-05-11,000333,13:44:33,80.8500,33,2
2026-05-11,000333,13:44:36,80.9100,108,1
2026-05-11,000333,13:44:39,80.9100,7,1
2026-05-11,000333,13:44:42,80.9100,90,1
2026-05-11,000333,13:44:45,80.9200,105,2
2026-05-11,000333,13:44:48,80.9500,15,2
2026-05-11,000333,13:44:51,80.9300,24,2
2026-05-11,000333,13:44:54,80.9500,41,1
2026-05-11,000333,13:44:57,80.8700,62,2
2026-05-11,000333,13:45:00,80.8700,44,2
2026-05-11,000333,13:45:03,80.9200,24,1
2026-05-11,000333,13:45:06,80.8700,42,2
2026-05-11,000333,13:45:09,80.8900,110,2
2026-05-11,000333,13:45:12,80.8900,73,2
2026-05-11,000333,13:45:15,80.9200,6,1
2026-05-11,000333,13:45:18,80.8900,20,2
2026-05-11,000333,13:45:21,80.8900,57,2
2026-05-11,000333,13:45:24,80.9000,57,2
2026-05-11,000333,13:45:27,80.9000,31,2
2026-05-11,000333,13:45:30,80.8900,5,2
2026-05-11,000333,13:45:33,80.8900,72,2
2026-05-11,000333,13:45:36,80.8600,119,2
2026-05-11,000333,13:45:39,80.8600,63,2
2026-05-11,000333,13:45:42,80.8700,19,2
2026-05-11,000333,13:45:45,80.9000,14,2
2026-05-11,000333,13:45:48,80.8900,37,2
2026-05-11,000333,13:45:51,80.8900,51,2
2026-05-11,000333,13:45:54,80.9000,23,2
2026-05-11,000333,13:45:57,80.9100,72,2
2026-05-11,000333,13:46:00,80.9300,43,4
2026-05-11,000333,13:46:03,80.8900,63,2
2026-05-11,000333,13:46:06,80.9300,68,1
2026-05-11,000333,13:46:09,80.9200,51,1
2026-05-11,000333,13:46:12,80.9200,21,2
2026-05-11,000333,13:46:15,80.9000,14,2
2026-05-11,000333,13:46:18,80.8800,21,2
2026-05-11,000333,13:46:21,80.8800,74,2
2026-05-11,000333,13:46:24,80.8800,76,2
2026-05-11,000333,13:46:27,80.9000,16,1
2026-05-11,000333,13:46:30,80.8700,8,2
2026-05-11,000333,13:46:33,80.8800,54,1
2026-05-11,000333,13:46:36,80.8200,54,2
2026-05-11,000333,13:46:39,80.8500,46,1
2026-05-11,000333,13:46:42,80.8600,53,2
2026-05-11,000333,13:46:45,80.8600,171,2
2026-05-11,000333,13:46:48,80.8600,253,2
2026-05-11,000333,13:46:51,80.8100,54,2
2026-05-11,000333,13:46:54,80.8600,53,1
2026-05-11,000333,13:46:57,80.8300,65,2
2026-05-11,000333,13:47:00,80.8500,40,1
2026-05-11,000333,13:47:03,80.8500,57,1
2026-05-11,000333,13:47:06,80.8600,63,1
2026-05-11,000333,13:47:09,80.8400,28,2
2026-05-11,000333,13:47:12,80.8400,109,2
2026-05-11,000333,13:47:15,80.8400,31,1
2026-05-11,000333,13:47:18,80.8400,9,1
2026-05-11,000333,13:47:21,80.8800,29,1
2026-05-11,000333,13:47:24,80.8500,27,2
2026-05-11,000333,13:47:27,80.8600,10,4
2026-05-11,000333,13:47:30,80.8700,21,1
2026-05-11,000333,13:47:33,80.8700,45,1
2026-05-11,000333,13:47:36,80.8700,56,2
2026-05-11,000333,13:47:39,80.8900,55,1
2026-05-11,000333,13:47:42,80.8900,70,1
2026-05-11,000333,13:47:45,80.8600,29,2
2026-05-11,000333,13:47:48,80.8900,15,1
2026-05-11,000333,13:47:51,80.8900,112,1
2026-05-11,000333,13:47:54,80.9700,9,1
2026-05-11,000333,13:47:57,80.9000,35,2
2026-05-11,000333,13:48:00,80.9000,76,2
2026-05-11,000333,13:48:03,80.8900,32,2
2026-05-11,000333,13:48:06,80.8900,54,2
2026-05-11,000333,13:48:09,80.9000,39,1
2026-05-11,000333,13:48:12,80.8600,101,2
2026-05-11,000333,13:48:15,80.9300,45,1
2026-05-11,000333,13:48:18,80.9700,41,1
2026-05-11,000333,13:48:21,80.9500,215,2
2026-05-11,000333,13:48:24,80.9600,80,2
2026-05-11,000333,13:48:27,80.9400,27,2
2026-05-11,000333,13:48:30,80.9700,20,1
2026-05-11,000333,13:48:33,80.9500,54,2
2026-05-11,000333,13:48:36,80.9500,91,2
2026-05-11,000333,13:48:39,80.9500,38,1
2026-05-11,000333,13:48:42,80.9600,33,1
2026-05-11,000333,13:48:45,80.9600,31,1
2026-05-11,000333,13:48:48,80.9500,42,2
2026-05-11,000333,13:48:51,80.9600,38,1
2026-05-11,000333,13:48:54,80.9800,17,1
2026-05-11,000333,13:48:57,81.0300,84,1
2026-05-11,000333,13:49:00,80.9800,42,1
2026-05-11,000333,13:49:03,80.9500,61,2
2026-05-11,000333,13:49:06,80.9700,47,4
2026-05-11,000333,13:49:09,80.9400,24,2
2026-05-11,000333,13:49:12,80.9400,83,2
2026-05-11,000333,13:49:15,80.9600,32,2
2026-05-11,000333,13:49:18,80.9600,38,1
2026-05-11,000333,13:49:21,80.9600,19,1
2026-05-11,000333,13:49:24,80.9400,38,2
2026-05-11,000333,13:49:27,80.9500,90,2
2026-05-11,000333,13:49:30,80.9600,1,2
2026-05-11,000333,13:49:33,80.9600,6,2
2026-05-11,000333,13:49:36,80.9600,15,1
2026-05-11,000333,13:49:39,80.9500,136,2
2026-05-11,000333,13:49:42,80.9100,53,2
2026-05-11,000333,13:49:45,80.9500,5,1
2026-05-11,000333,13:49:48,80.9100,36,2
2026-05-11,000333,13:49:51,80.9200,29,4
2026-05-11,000333,13:49:54,80.9400,49,1
2026-05-11,000333,13:49:57,80.9100,79,2
2026-05-11,000333,13:50:00,80.9200,40,4
2026-05-11,000333,13:50:03,80.8700,24,2
2026-05-11,000333,13:50:06,80.9100,68,1
2026-05-11,000333,13:50:09,80.9000,68,2
2026-05-11,000333,13:50:12,80.9300,44,1
2026-05-11,000333,13:50:15,80.9100,68,2
2026-05-11,000333,13:50:18,80.9800,33,1
2026-05-11,000333,13:50:21,80.9600,16,2
2026-05-11,000333,13:50:24,80.9700,61,1
2026-05-11,000333,13:50:27,80.9700,53,2
2026-05-11,000333,13:50:30,80.9700,35,1
2026-05-11,000333,13:50:33,80.9600,39,2
2026-05-11,000333,13:50:36,80.9700,43,1
2026-05-11,000333,13:50:39,80.9600,27,2
2026-05-11,000333,13:50:42,80.9500,128,2
2026-05-11,000333,13:50:45,80.9500,40,1
2026-05-11,000333,13:50:48,80.9500,122,1
2026-05-11,000333,13:50:51,80.9800,79,1
2026-05-11,000333,13:50:54,80.9600,44,2
2026-05-11,000333,13:50:57,80.9300,71,2
2026-05-11,000333,13:51:00,80.9200,8,2
2026-05-11,000333,13:51:03,80.9000,145,2
2026-05-11,000333,13:51:06,80.9200,39,1
2026-05-11,000333,13:51:09,80.8900,186,2
2026-05-11,000333,13:51:12,80.9000,149,1
2026-05-11,000333,13:51:15,80.9200,35,1
2026-05-11,000333,13:51:18,80.9200,27,2
2026-05-11,000333,13:51:21,80.9400,38,1
2026-05-11,000333,13:51:24,80.9400,31,1
2026-05-11,000333,13:51:27,80.9500,16,1
2026-05-11,000333,13:51:30,80.9200,39,2
2026-05-11,000333,13:51:33,80.9300,18,2
2026-05-11,000333,13:51:36,80.9400,25,1
2026-05-11,000333,13:51:39,80.9400,10,2
2026-05-11,000333,13:51:42,80.9500,34,1
2026-05-11,000333,13:51:45,80.9400,46,2
2026-05-11,000333,13:51:48,80.9600,18,1
2026-05-11,000333,13:51:51,80.9200,14,2
2026-05-11,000333,13:51:54,80.9200,68,2
2026-05-11,000333,13:51:57,80.9600,30,1
2026-05-11,000333,13:52:00,80.9200,34,2
2026-05-11,000333,13:52:03,80.9400,36,4
2026-05-11,000333,13:52:06,80.9600,17,1
2026-05-11,000333,13:52:09,80.9600,48,2
2026-05-11,000333,13:52:12,80.9600,13,2
2026-05-11,000333,13:52:15,80.9600,91,2
2026-05-11,000333,13:52:18,80.9200,98,2
2026-05-11,000333,13:52:21,80.9200,59,2
2026-05-11,000333,13:52:24,80.9000,46,2
2026-05-11,000333,13:52:27,80.9200,23,2
2026-05-11,000333,13:52:30,80.9200,40,1
2026-05-11,000333,13:52:33,80.9000,62,2
2026-05-11,000333,13:52:36,80.9000,70,2
2026-05-11,000333,13:52:39,80.9000,69,2
2026-05-11,000333,13:52:42,80.8800,51,2
2026-05-11,000333,13:52:45,80.9300,29,1
2026-05-11,000333,13:52:48,80.9200,13,1
2026-05-11,000333,13:52:51,80.9200,14,1
2026-05-11,000333,13:52:54,80.8800,24,2
2026-05-11,000333,13:52:57,80.9000,20,4
2026-05-11,000333,13:53:00,80.8900,15,2
2026-05-11,000333,13:53:03,80.8900,61,2
2026-05-11,000333,13:53:06,80.9000,1,1
2026-05-11,000333,13:53:09,80.9000,46,2
2026-05-11,000333,13:53:12,80.9500,58,1
2026-05-11,000333,13:53:15,80.9500,41,1
2026-05-11,000333,13:53:18,80.9400,2,2
2026-05-11,000333,13:53:21,80.9300,58,2
2026-05-11,000333,13:53:24,80.9300,26,1
2026-05-11,000333,13:53:27,80.9100,28,2
2026-05-11,000333,13:53:30,80.9000,86,2
2026-05-11,000333,13:53:33,80.9000,59,2
2026-05-11,000333,13:53:36,80.9100,25,1
2026-05-11,000333,13:53:39,80.9100,77,1
2026-05-11,000333,13:53:42,80.9100,82,4
2026-05-11,000333,13:53:45,80.9200,68,4
2026-05-11,000333,13:53:48,80.9300,16,1
2026-05-11,000333,13:53:51,80.9500,27,1
2026-05-11,000333,13:53:54,80.9500,18,1
2026-05-11,000333,13:53:57,80.9700,10,1
2026-05-11,000333,13:54:00,80.9500,10,2
2026-05-11,000333,13:54:03,80.9300,12,2
2026-05-11,000333,13:54:06,80.9200,30,2
2026-05-11,000333,13:54:09,80.9000,35,2
2026-05-11,000333,13:54:12,80.9000,70,2
2026-05-11,000333,13:54:15,80.8800,65,2
2026-05-11,000333,13:54:18,80.8800,72,2
2026-05-11,000333,13:54:21,80.8700,70,2
2026-05-11,000333,13:54:24,80.8900,40,2
2026-05-11,000333,13:54:27,80.8600,128,2
2026-05-11,000333,13:54:30,80.8700,143,4
2026-05-11,000333,13:54:33,80.9200,55,1
2026-05-11,000333,13:54:36,80.8800,26,2
2026-05-11,000333,13:54:39,80.8800,54,2
2026-05-11,000333,13:54:42,80.8600,56,2
2026-05-11,000333,13:54:45,80.8800,50,1
2026-05-11,000333,13:54:48,80.8900,42,1
2026-05-11,000333,13:54:51,80.8800,10,4
2026-05-11,000333,13:54:54,80.8800,35,4
2026-05-11,000333,13:54:57,80.8800,28,2
2026-05-11,000333,13:55:00,80.8800,18,2
2026-05-11,000333,13:55:03,80.8900,53,2
2026-05-11,000333,13:55:06,80.8900,16,2
2026-05-11,000333,13:55:09,80.8800,55,2
2026-05-11,000333,13:55:12,80.8600,52,2
2026-05-11,000333,13:55:15,80.8500,57,2
2026-05-11,000333,13:55:18,80.8500,47,2
2026-05-11,000333,13:55:21,80.8200,39,2
2026-05-11,000333,13:55:24,80.8300,18,1
2026-05-11,000333,13:55:27,80.8100,16,2
2026-05-11,000333,13:55:30,80.8100,53,2
2026-05-11,000333,13:55:33,80.8300,111,4
2026-05-11,000333,13:55:36,80.8200,52,4
2026-05-11,000333,13:55:39,80.8200,34,2
2026-05-11,000333,13:55:42,80.8000,60,2
2026-05-11,000333,13:55:45,80.8000,1331,2
2026-05-11,000333,13:55:48,80.8100,56,1
2026-05-11,000333,13:55:51,80.8400,34,1
2026-05-11,000333,13:55:54,80.8300,54,1
2026-05-11,000333,13:55:57,80.8400,60,4
2026-05-11,000333,13:56:00,80.8300,38,2
2026-05-11,000333,13:56:03,80.8400,108,1
2026-05-11,000333,13:56:06,80.8400,19,2
2026-05-11,000333,13:56:09,80.8500,65,1
2026-05-11,000333,13:56:12,80.8500,126,2
2026-05-11,000333,13:56:15,80.8400,44,2
2026-05-11,000333,13:56:18,80.8500,9,1
2026-05-11,000333,13:56:21,80.8300,58,2
2026-05-11,000333,13:56:24,80.8200,38,2
2026-05-11,000333,13:56:27,80.8200,55,2
2026-05-11,000333,13:56:30,80.8200,112,2
2026-05-11,000333,13:56:33,80.8200,105,2
2026-05-11,000333,13:56:36,80.8100,56,2
2026-05-11,000333,13:56:39,80.8100,106,2
2026-05-11,000333,13:56:42,80.8200,70,1
2026-05-11,000333,13:56:45,80.8100,185,2
2026-05-11,000333,13:56:48,80.8000,65,2
2026-05-11,000333,13:56:51,80.8000,49,2
2026-05-11,000333,13:56:54,80.8000,25,2
2026-05-11,000333,13:56:57,80.7800,58,2
2026-05-11,000333,13:57:00,80.7700,56,2
2026-05-11,000333,13:57:03,80.8000,236,1
2026-05-11,000333,13:57:06,80.8300,127,1
2026-05-11,000333,13:57:09,80.8100,80,2
2026-05-11,000333,13:57:12,80.8200,104,1
2026-05-11,000333,13:57:15,80.8200,30,2
2026-05-11,000333,13:57:18,80.8400,40,1
2026-05-11,000333,13:57:21,80.8400,47,1
2026-05-11,000333,13:57:24,80.8300,34,2
2026-05-11,000333,13:57:27,80.8100,58,2
2026-05-11,000333,13:57:30,80.8100,71,2
2026-05-11,000333,13:57:33,80.8000,32,2
2026-05-11,000333,13:57:36,80.8000,20,2
2026-05-11,000333,13:57:39,80.7900,38,4
2026-05-11,000333,13:57:42,80.7800,32,2
2026-05-11,000333,13:57:45,80.7900,104,4
2026-05-11,000333,13:57:48,80.7800,71,2
2026-05-11,000333,13:57:51,80.7700,46,2
2026-05-11,000333,13:57:54,80.7800,72,1
2026-05-11,000333,13:57:57,80.7800,85,2
2026-05-11,000333,13:58:00,80.7800,24,1
2026-05-11,000333,13:58:03,80.7800,46,1
2026-05-11,000333,13:58:06,80.7800,15,1
2026-05-11,000333,13:58:09,80.7800,81,1
2026-05-11,000333,13:58:12,80.7800,70,1
2026-05-11,000333,13:58:15,80.7700,29,2
2026-05-11,000333,13:58:18,80.7800,73,1
2026-05-11,000333,13:58:21,80.7800,100,1
2026-05-11,000333,13:58:24,80.8000,43,1
2026-05-11,000333,13:58:27,80.8100,68,1
2026-05-11,000333,13:58:30,80.8100,30,1
2026-05-11,000333,13:58:33,80.8100,3,1
2026-05-11,000333,13:58:36,80.7900,65,2
2026-05-11,000333,13:58:39,80.8100,143,1
2026-05-11,000333,13:58:42,80.8600,56,1
2026-05-11,000333,13:58:45,80.8400,11,2
2026-05-11,000333,13:58:48,80.8300,16,4
2026-05-11,000333,13:58:51,80.8100,59,2
2026-05-11,000333,13:58:54,80.7800,101,2
2026-05-11,000333,13:58:57,80.7900,20,4
2026-05-11,000333,13:59:00,80.7900,71,2
2026-05-11,000333,13:59:03,80.7800,54,2
2026-05-11,000333,13:59:06,80.8000,38,1
2026-05-11,000333,13:59:09,80.8000,12,1
2026-05-11,000333,13:59:12,80.7900,105,2
2026-05-11,000333,13:59:15,80.7800,40,2
2026-05-11,000333,13:59:18,80.8000,33,1
2026-05-11,000333,13:59:21,80.8000,30,1
2026-05-11,000333,13:59:24,80.8000,41,2
2026-05-11,000333,13:59:27,80.8000,56,2
2026-05-11,000333,13:59:30,80.8000,31,2
2026-05-11,000333,13:59:33,80.8300,12,1
2026-05-11,000333,13:59:36,80.8200,31,1
2026-05-11,000333,13:59:39,80.8000,25,2
2026-05-11,000333,13:59:42,80.7800,78,2
2026-05-11,000333,13:59:45,80.7900,30,2
2026-05-11,000333,13:59:48,80.8200,39,1
2026-05-11,000333,13:59:51,80.8300,13,1
2026-05-11,000333,13:59:54,80.8200,1,1
2026-05-11,000333,13:59:57,80.8200,22,1
2026-05-11,000333,14:00:00,80.8200,26,2
2026-05-11,000333,14:00:03,80.8200,1,1
2026-05-11,000333,14:00:06,80.8000,66,2
2026-05-11,000333,14:00:09,80.8300,69,1
2026-05-11,000333,14:00:12,80.8300,70,1
2026-05-11,000333,14:00:15,80.8400,22,2
2026-05-11,000333,14:00:18,80.8900,23,1
2026-05-11,000333,14:00:21,80.9200,19,1
2026-05-11,000333,14:00:24,80.9300,38,1
2026-05-11,000333,14:00:27,80.9100,122,2
2026-05-11,000333,14:00:30,80.8900,2,2
2026-05-11,000333,14:00:33,80.8900,52,2
2026-05-11,000333,14:00:36,80.8900,23,1
2026-05-11,000333,14:00:39,80.8700,2,2
2026-05-11,000333,14:00:42,80.8700,37,2
2026-05-11,000333,14:00:45,80.8700,17,1
2026-05-11,000333,14:00:48,80.8700,26,1
2026-05-11,000333,14:00:51,80.8700,51,2
2026-05-11,000333,14:00:54,80.8700,30,2
2026-05-11,000333,14:00:57,80.8700,11,2
2026-05-11,000333,14:01:00,80.8600,59,2
2026-05-11,000333,14:01:03,80.8600,69,1
2026-05-11,000333,14:01:06,80.8600,31,2
2026-05-11,000333,14:01:09,80.8500,61,2
2026-05-11,000333,14:01:12,80.8300,31,2
2026-05-11,000333,14:01:15,80.8400,47,2
2026-05-11,000333,14:01:18,80.8200,139,2
2026-05-11,000333,14:01:21,80.8400,30,1
2026-05-11,000333,14:01:24,80.8400,1,2
2026-05-11,000333,14:01:27,80.8400,51,2
2026-05-11,000333,14:01:30,80.8400,5,1
2026-05-11,000333,14:01:33,80.8400,14,1
2026-05-11,000333,14:01:36,80.8400,17,1
2026-05-11,000333,14:01:39,80.8500,76,1
2026-05-11,000333,14:01:42,80.8400,88,2
2026-05-11,000333,14:01:45,80.8400,47,1
2026-05-11,000333,14:01:48,80.8500,12,1
2026-05-11,000333,14:01:51,80.8600,48,1
2026-05-11,000333,14:01:54,80.8700,26,1
2026-05-11,000333,14:01:57,80.8700,22,2
2026-05-11,000333,14:02:00,80.8700,33,2
2026-05-11,000333,14:02:03,80.8700,35,2
2026-05-11,000333,14:02:06,80.8700,82,1
2026-05-11,000333,14:02:09,80.8700,134,1
2026-05-11,000333,14:02:12,80.8600,34,2
2026-05-11,000333,14:02:15,80.8500,81,2
2026-05-11,000333,14:02:18,80.8600,40,4
2026-05-11,000333,14:02:21,80.8700,136,1
2026-05-11,000333,14:02:24,80.8500,48,2
2026-05-11,000333,14:02:27,80.8300,56,2
2026-05-11,000333,14:02:30,80.8500,36,1
2026-05-11,000333,14:02:33,80.8200,38,2
2026-05-11,000333,14:02:36,80.8300,22,2
2026-05-11,000333,14:02:39,80.8400,59,1
2026-05-11,000333,14:02:42,80.8500,73,1
2026-05-11,000333,14:02:45,80.8300,32,2
2026-05-11,000333,14:02:48,80.8200,42,2
2026-05-11,000333,14:02:51,80.8300,44,4
2026-05-11,000333,14:02:54,80.8300,60,2
2026-05-11,000333,14:02:57,80.8400,41,2
2026-05-11,000333,14:03:00,80.8500,97,1
2026-05-11,000333,14:03:03,80.8500,34,2
2026-05-11,000333,14:03:06,80.8400,38,2
2026-05-11,000333,14:03:09,80.8300,32,2
2026-05-11,000333,14:03:12,80.8500,30,1
2026-05-11,000333,14:03:15,80.8400,65,2
2026-05-11,000333,14:03:18,80.8400,54,2
2026-05-11,000333,14:03:21,80.8500,49,1
2026-05-11,000333,14:03:24,80.8400,34,2
2026-05-11,000333,14:03:27,80.8500,32,1
2026-05-11,000333,14:03:30,80.8400,52,2
2026-05-11,000333,14:03:33,80.8400,18,1
2026-05-11,000333,14:03:36,80.8300,58,2
2026-05-11,000333,14:03:39,80.8100,103,2
2026-05-11,000333,14:03:42,80.8000,89,2
2026-05-11,000333,14:03:45,80.8100,82,4
2026-05-11,000333,14:03:48,80.8000,183,2
2026-05-11,000333,14:03:51,80.8200,2,2
2026-05-11,000333,14:03:54,80.8100,8,2
2026-05-11,000333,14:03:57,80.8200,42,2
2026-05-11,000333,14:04:00,80.8300,117,1
2026-05-11,000333,14:04:03,80.8400,9,1
2026-05-11,000333,14:04:06,80.8300,9,4
2026-05-11,000333,14:04:09,80.8300,62,2
2026-05-11,000333,14:04:12,80.8300,33,1
2026-05-11,000333,14:04:15,80.8200,57,2
2026-05-11,000333,14:04:18,80.8300,37,1
2026-05-11,000333,14:04:21,80.8500,97,1
2026-05-11,000333,14:04:24,80.8500,26,2
2026-05-11,000333,14:04:27,80.8500,103,1
2026-05-11,000333,14:04:30,80.8400,27,2
2026-05-11,000333,14:04:33,80.8400,74,2
2026-05-11,000333,14:04:36,80.8300,13,2
2026-05-11,000333,14:04:39,80.8600,108,1
2026-05-11,000333,14:04:42,80.8800,25,1
2026-05-11,000333,14:04:45,80.8800,72,4
2026-05-11,000333,14:04:48,80.8800,78,1
2026-05-11,000333,14:04:51,80.8700,48,2
2026-05-11,000333,14:04:54,80.8800,36,1
2026-05-11,000333,14:04:57,80.8800,23,1
2026-05-11,000333,14:05:00,80.8600,93,2
2026-05-11,000333,14:05:03,80.8600,108,1
2026-05-11,000333,14:05:06,80.8700,40,1
2026-05-11,000333,14:05:09,80.8700,68,1
2026-05-11,000333,14:05:12,80.8600,74,2
2026-05-11,000333,14:05:15,80.8600,80,2
2026-05-11,000333,14:05:18,80.8700,25,1
2026-05-11,000333,14:05:21,80.8700,96,2
2026-05-11,000333,14:05:24,80.8800,68,2
2026-05-11,000333,14:05:27,80.8900,84,2
2026-05-11,000333,14:05:30,80.9300,33,1
2026-05-11,000333,14:05:33,80.9300,35,1
2026-05-11,000333,14:05:36,80.9300,75,2
2026-05-11,000333,14:05:39,80.9200,174,2
2026-05-11,000333,14:05:42,80.9100,245,2
2026-05-11,000333,14:05:45,80.9100,62,2
2026-05-11,000333,14:05:48,80.9600,91,1
2026-05-11,000333,14:05:51,80.9600,17,1
2026-05-11,000333,14:05:54,80.9500,51,1
2026-05-11,000333,14:05:57,80.9400,50,2
2026-05-11,000333,14:06:00,80.9400,14,2
2026-05-11,000333,14:06:03,80.9300,22,2
2026-05-11,000333,14:06:06,80.9300,8,1
2026-05-11,000333,14:06:09,80.9300,56,1
2026-05-11,000333,14:06:12,80.9200,80,2
2026-05-11,000333,14:06:15,80.9300,133,4
2026-05-11,000333,14:06:18,80.9300,62,2
2026-05-11,000333,14:06:21,80.9300,35,2
2026-05-11,000333,14:06:24,80.9300,16,1
2026-05-11,000333,14:06:27,80.9200,80,2
2026-05-11,000333,14:06:30,80.9100,71,2
2026-05-11,000333,14:06:33,80.9300,125,1
2026-05-11,000333,14:06:36,80.9400,44,1
2026-05-11,000333,14:06:39,80.9300,42,2
2026-05-11,000333,14:06:42,80.8900,104,2
2026-05-11,000333,14:06:45,80.8900,44,2
2026-05-11,000333,14:06:48,80.8900,16,1
2026-05-11,000333,14:06:51,80.8900,31,1
2026-05-11,000333,14:06:54,80.8900,73,1
2026-05-11,000333,10:56:51,81.2000,50,1
2026-05-11,000333,10:56:54,81.2000,18,2
2026-05-11,000333,10:56:57,81.2000,29,2
2026-05-11,000333,10:57:00,81.1900,31,2
2026-05-11,000333,10:57:03,81.1800,40,2
2026-05-11,000333,10:57:06,81.1800,17,1
2026-05-11,000333,10:57:09,81.1900,52,1
2026-05-11,000333,10:57:12,81.2000,14,1
2026-05-11,000333,10:57:15,81.2000,9,1
2026-05-11,000333,10:57:18,81.1900,10,2
2026-05-11,000333,10:57:21,81.2000,5,1
2026-05-11,000333,10:57:24,81.2000,23,2
2026-05-11,000333,10:57:27,81.2000,7,2
2026-05-11,000333,10:57:30,81.2000,51,2
2026-05-11,000333,10:57:33,81.2000,22,1
2026-05-11,000333,10:57:36,81.2100,41,1
2026-05-11,000333,10:57:39,81.2500,13,1
2026-05-11,000333,10:57:42,81.2100,32,2
2026-05-11,000333,10:57:45,81.2200,6,1
2026-05-11,000333,10:57:48,81.2100,37,2
2026-05-11,000333,10:57:51,81.2000,44,2
2026-05-11,000333,10:57:54,81.2000,43,2
2026-05-11,000333,10:57:57,81.2000,19,2
2026-05-11,000333,10:58:00,81.2100,18,1
2026-05-11,000333,10:58:03,81.1500,229,2
2026-05-11,000333,10:58:06,81.1700,53,1
2026-05-11,000333,10:58:09,81.1700,36,1
2026-05-11,000333,10:58:12,81.1500,67,2
2026-05-11,000333,10:58:15,81.1700,8,1
2026-05-11,000333,10:58:18,81.1600,34,2
2026-05-11,000333,10:58:21,81.1600,8,2
2026-05-11,000333,10:58:24,81.1800,47,1
2026-05-11,000333,10:58:27,81.1600,8,2
2026-05-11,000333,10:58:30,81.1800,23,4
2026-05-11,000333,10:58:33,81.2000,51,1
2026-05-11,000333,10:58:36,81.1600,32,2
2026-05-11,000333,10:58:39,81.2000,43,4
2026-05-11,000333,10:58:42,81.2100,13,1
2026-05-11,000333,10:58:45,81.1900,17,2
2026-05-11,000333,10:58:51,81.2000,5,1
2026-05-11,000333,10:58:54,81.2000,47,1
2026-05-11,000333,10:58:57,81.2000,38,1
2026-05-11,000333,10:59:00,81.2100,33,1
2026-05-11,000333,10:59:03,81.2000,16,2
2026-05-11,000333,10:59:06,81.2000,30,1
2026-05-11,000333,10:59:09,81.2000,98,1
2026-05-11,000333,10:59:12,81.2000,15,2
2026-05-11,000333,10:59:15,81.2200,14,1
2026-05-11,000333,10:59:18,81.2200,16,1
2026-05-11,000333,10:59:21,81.2000,38,2
2026-05-11,000333,10:59:24,81.2000,25,2
2026-05-11,000333,10:59:27,81.2600,9,1
2026-05-11,000333,10:59:30,81.2400,7,1
2026-05-11,000333,10:59:33,81.2400,14,2
2026-05-11,000333,10:59:36,81.2000,21,2
2026-05-11,000333,10:59:39,81.1700,131,2
2026-05-11,000333,10:59:42,81.1300,42,2
2026-05-11,000333,10:59:45,81.1300,48,1
2026-05-11,000333,10:59:48,81.1800,6,1
2026-05-11,000333,10:59:51,81.1400,9,2
2026-05-11,000333,10:59:54,81.1400,30,2
2026-05-11,000333,10:59:57,81.1500,16,1
2026-05-11,000333,11:00:00,81.1500,24,1
2026-05-11,000333,11:00:03,81.1400,60,2
2026-05-11,000333,11:00:06,81.1400,13,1
2026-05-11,000333,11:00:09,81.1400,27,1
2026-05-11,000333,11:00:12,81.1400,18,2
2026-05-11,000333,11:00:15,81.1300,25,2
2026-05-11,000333,11:00:18,81.1300,25,1
2026-05-11,000333,11:00:21,81.1400,11,1
2026-05-11,000333,11:00:24,81.1300,6,2
2026-05-11,000333,11:00:27,81.1300,41,2
2026-05-11,000333,11:00:30,81.1400,9,4
2026-05-11,000333,11:00:33,81.1400,24,2
2026-05-11,000333,11:00:36,81.1300,12,4
2026-05-11,000333,11:00:39,81.1400,47,1
2026-05-11,000333,11:00:42,81.1400,2,1
2026-05-11,000333,11:00:45,81.1300,28,2
2026-05-11,000333,11:00:48,81.1200,13,2
2026-05-11,000333,11:00:51,81.1200,52,2
2026-05-11,000333,11:00:54,81.1200,70,2
2026-05-11,000333,11:00:57,81.1000,42,2
2026-05-11,000333,11:01:00,81.1000,60,2
2026-05-11,000333,11:01:03,81.1000,55,2
2026-05-11,000333,11:01:06,81.0900,81,2
2026-05-11,000333,11:01:09,81.0700,77,2
2026-05-11,000333,11:01:12,81.1200,71,2
2026-05-11,000333,11:01:15,81.0600,57,2
2026-05-11,000333,11:01:18,81.1000,9,1
2026-05-11,000333,11:01:21,81.0900,49,4
2026-05-11,000333,11:01:24,81.0700,37,2
2026-05-11,000333,11:01:27,81.0700,51,2
2026-05-11,000333,11:01:30,81.0800,15,4
2026-05-11,000333,11:01:33,81.0700,43,2
2026-05-11,000333,11:01:36,81.0400,47,2
2026-05-11,000333,11:01:39,81.0800,44,1
2026-05-11,000333,11:01:42,81.0800,17,2
2026-05-11,000333,11:01:45,81.0700,36,2
2026-05-11,000333,11:01:48,81.0600,38,2
2026-05-11,000333,11:01:51,81.1000,47,1
2026-05-11,000333,11:01:54,81.0800,34,2
2026-05-11,000333,11:01:57,81.1000,52,2
2026-05-11,000333,11:02:00,81.0600,86,2
2026-05-11,000333,11:02:03,81.0500,56,2
2026-05-11,000333,11:02:06,81.0600,49,1
2026-05-11,000333,11:02:09,81.0600,64,2
2026-05-11,000333,11:02:12,81.0700,2,1
2026-05-11,000333,11:02:15,81.0600,81,2
2026-05-11,000333,11:02:18,81.0800,31,1
2026-05-11,000333,11:02:21,81.0600,64,2
2026-05-11,000333,11:02:24,81.0400,66,2
2026-05-11,000333,11:02:27,81.1000,40,1
2026-05-11,000333,11:02:30,81.0900,33,4
2026-05-11,000333,11:02:33,81.0900,36,2
2026-05-11,000333,11:02:36,81.0900,48,1
2026-05-11,000333,11:02:39,81.0800,38,2
2026-05-11,000333,11:02:42,81.0900,23,2
2026-05-11,000333,11:02:45,81.1000,46,1
2026-05-11,000333,11:02:48,81.1000,8,2
2026-05-11,000333,11:02:51,81.1000,31,2
2026-05-11,000333,11:02:54,81.1000,55,2
2026-05-11,000333,11:02:57,81.1000,46,4
2026-05-11,000333,11:03:00,81.1100,28,1
2026-05-11,000333,11:03:03,81.0900,44,2
2026-05-11,000333,11:03:06,81.0900,118,2
2026-05-11,000333,11:03:09,81.1500,60,1
2026-05-11,000333,11:03:12,81.1100,16,2
2026-05-11,000333,11:03:15,81.1500,27,1
2026-05-11,000333,11:03:18,81.1700,24,1
2026-05-11,000333,11:03:21,81.2000,51,1
2026-05-11,000333,11:03:24,81.2000,62,2
2026-05-11,000333,11:03:27,81.1700,72,2
2026-05-11,000333,11:03:30,81.1400,64,2
2026-05-11,000333,11:03:33,81.1700,58,2
2026-05-11,000333,11:03:36,81.2100,51,1
2026-05-11,000333,11:03:39,81.1900,58,2
2026-05-11,000333,11:03:42,81.2000,40,4
2026-05-11,000333,11:03:45,81.1700,34,2
2026-05-11,000333,11:03:48,81.1900,32,2
2026-05-11,000333,11:03:51,81.2200,13,1
2026-05-11,000333,11:03:54,81.2100,33,1
2026-05-11,000333,11:03:57,81.2000,32,2
2026-05-11,000333,11:04:00,81.2100,13,1
2026-05-11,000333,11:04:03,81.1900,14,2
2026-05-11,000333,11:04:06,81.1900,4,2
2026-05-11,000333,11:04:09,81.1900,27,2
2026-05-11,000333,11:04:12,81.1900,17,1
2026-05-11,000333,11:04:15,81.1900,18,2
2026-05-11,000333,11:04:18,81.1700,39,2
2026-05-11,000333,11:04:21,81.1300,26,2
2026-05-11,000333,11:04:24,81.1300,28,2
2026-05-11,000333,11:04:27,81.1300,47,2
2026-05-11,000333,11:04:30,81.1000,57,2
2026-05-11,000333,11:04:33,81.1700,42,1
2026-05-11,000333,11:04:36,81.1400,36,2
2026-05-11,000333,11:04:39,81.1700,18,1
2026-05-11,000333,11:04:42,81.1700,17,2
2026-05-11,000333,11:04:45,81.1600,18,4
2026-05-11,000333,11:04:48,81.1600,36,2
2026-05-11,000333,11:04:51,81.2000,34,1
2026-05-11,000333,11:04:54,81.1500,26,2
2026-05-11,000333,11:04:57,81.1500,21,1
2026-05-11,000333,11:05:00,81.1300,19,2
2026-05-11,000333,11:05:03,81.1500,29,1
2026-05-11,000333,11:05:06,81.1500,91,2
2026-05-11,000333,11:05:09,81.1500,36,1
2026-05-11,000333,11:05:12,81.1500,18,1
2026-05-11,000333,11:05:15,81.1500,21,1
2026-05-11,000333,11:05:18,81.1400,8,2
2026-05-11,000333,11:05:21,81.1300,24,2
2026-05-11,000333,11:05:24,81.1300,26,2
2026-05-11,000333,11:05:27,81.1400,33,1
2026-05-11,000333,11:05:30,81.1300,26,2
2026-05-11,000333,11:05:33,81.1200,40,2
2026-05-11,000333,11:05:36,81.1100,11,4
2026-05-11,000333,11:05:39,81.1200,42,1
2026-05-11,000333,11:05:42,81.1400,49,1
2026-05-11,000333,11:05:45,81.1200,22,2
2026-05-11,000333,11:05:48,81.1300,7,2
2026-05-11,000333,11:05:51,81.1400,10,1
2026-05-11,000333,11:05:54,81.1300,36,2
2026-05-11,000333,11:05:57,81.1300,18,2
2026-05-11,000333,11:06:00,81.1300,3,1
2026-05-11,000333,11:06:03,81.1400,10,4
2026-05-11,000333,11:06:06,81.1300,13,2
2026-05-11,000333,11:06:09,81.1300,47,2
2026-05-11,000333,11:06:12,81.1300,21,2
2026-05-11,000333,11:06:15,81.1400,17,1
2026-05-11,000333,11:06:18,81.1300,17,2
2026-05-11,000333,11:06:21,81.1200,34,2
2026-05-11,000333,11:06:24,81.1300,66,4
2026-05-11,000333,11:06:27,81.1100,37,2
2026-05-11,000333,11:06:30,81.1200,4,1
2026-05-11,000333,11:06:33,81.1300,53,4
2026-05-11,000333,11:06:36,81.1300,37,1
2026-05-11,000333,11:06:39,81.1300,65,1
2026-05-11,000333,11:06:42,81.1200,26,2
2026-05-11,000333,11:06:45,81.1100,25,2
2026-05-11,000333,11:06:48,81.1000,38,2
2026-05-11,000333,11:06:51,81.1100,40,1
2026-05-11,000333,11:06:54,81.1300,51,1
2026-05-11,000333,11:06:57,81.1300,10,2
2026-05-11,000333,11:07:00,81.1100,14,2
2026-05-11,000333,11:07:03,81.1000,31,2
2026-05-11,000333,11:07:06,81.1100,31,1
2026-05-11,000333,11:07:09,81.0800,28,2
2026-05-11,000333,11:07:12,81.1000,35,1
2026-05-11,000333,11:07:15,81.0900,2,2
2026-05-11,000333,11:07:18,81.1000,32,1
2026-05-11,000333,11:07:21,81.1100,60,2
2026-05-11,000333,11:07:24,81.1300,44,1
2026-05-11,000333,11:07:27,81.1300,33,1
2026-05-11,000333,11:07:30,81.1300,67,2
2026-05-11,000333,11:07:33,81.1400,49,2
2026-05-11,000333,11:07:36,81.1300,48,2
2026-05-11,000333,11:07:39,81.1000,38,2
2026-05-11,000333,11:07:42,81.1300,25,2
2026-05-11,000333,11:07:45,81.1400,46,1
2026-05-11,000333,11:07:48,81.1200,41,2
2026-05-11,000333,11:07:51,81.1000,30,2
2026-05-11,000333,11:07:54,81.1000,12,2
2026-05-11,000333,11:07:57,81.1100,25,2
2026-05-11,000333,11:08:00,81.1200,22,1
2026-05-11,000333,11:08:03,81.1000,7,2
2026-05-11,000333,11:08:06,81.0900,45,2
2026-05-11,000333,11:08:09,81.1000,125,2
2026-05-11,000333,11:08:12,81.0800,28,2
2026-05-11,000333,11:08:15,81.0800,23,2
2026-05-11,000333,11:08:18,81.0800,10,2
2026-05-11,000333,11:08:21,81.0800,9,2
2026-05-11,000333,11:08:24,81.0700,28,2
2026-05-11,000333,11:08:27,81.0700,32,1
2026-05-11,000333,11:08:30,81.0700,36,1
2026-05-11,000333,11:08:33,81.0600,19,4
2026-05-11,000333,11:08:36,81.0400,48,2
2026-05-11,000333,11:08:39,81.0800,47,1
2026-05-11,000333,11:08:42,81.0800,37,1
2026-05-11,000333,11:08:45,81.0400,36,2
2026-05-11,000333,11:08:48,81.0400,9,2
2026-05-11,000333,11:08:51,81.0700,101,1
2026-05-11,000333,11:08:54,81.0400,39,2
2026-05-11,000333,11:08:57,81.0300,13,2
2026-05-11,000333,11:09:00,81.0400,2,2
2026-05-11,000333,11:09:03,81.0400,10,2
2026-05-11,000333,11:09:06,81.0400,22,1
2026-05-11,000333,11:09:09,81.0300,40,2
2026-05-11,000333,11:09:12,81.0400,43,1
2026-05-11,000333,11:09:15,81.0300,43,2
2026-05-11,000333,11:09:18,81.0200,8,2
2026-05-11,000333,11:09:21,81.0400,21,1
2026-05-11,000333,11:09:24,81.0300,11,4
2026-05-11,000333,11:09:27,81.0300,22,2
2026-05-11,000333,11:09:30,81.0200,27,2
2026-05-11,000333,11:09:33,81.0400,18,1
2026-05-11,000333,11:09:36,81.0200,88,2
2026-05-11,000333,11:09:39,81.0200,52,2
2026-05-11,000333,11:09:42,81.0300,88,1
2026-05-11,000333,11:09:45,81.0300,72,2
2026-05-11,000333,11:09:48,81.0300,7,2
2026-05-11,000333,11:09:51,81.0200,16,2
2026-05-11,000333,11:09:54,81.0300,24,2
2026-05-11,000333,11:09:57,81.0400,10,2
2026-05-11,000333,11:10:00,81.1000,33,1
2026-05-11,000333,11:10:03,81.0500,19,2
2026-05-11,000333,11:10:06,81.0500,30,2
2026-05-11,000333,11:10:09,81.0800,15,1
2026-05-11,000333,11:10:12,81.0500,54,2
2026-05-11,000333,11:10:15,81.0500,12,2
2026-05-11,000333,11:10:18,81.0700,11,2
2026-05-11,000333,11:10:21,81.0800,12,2
2026-05-11,000333,11:10:24,81.0900,20,2
2026-05-11,000333,11:10:27,81.1000,62,4
2026-05-11,000333,11:10:30,81.1200,15,1
2026-05-11,000333,11:10:33,81.0900,18,4
2026-05-11,000333,11:10:36,81.0800,71,2
2026-05-11,000333,11:10:39,81.0900,66,1
2026-05-11,000333,11:10:42,81.1000,37,1
2026-05-11,000333,11:10:45,81.0900,20,2
2026-05-11,000333,11:10:48,81.0700,21,2
2026-05-11,000333,11:10:51,81.0700,8,2
2026-05-11,000333,11:10:54,81.0600,28,2
2026-05-11,000333,11:10:57,81.1200,56,1
2026-05-11,000333,11:11:00,81.0700,23,2
2026-05-11,000333,11:11:03,81.0600,10,2
2026-05-11,000333,11:11:06,81.0600,44,2
2026-05-11,000333,11:11:09,81.0600,26,1
2026-05-11,000333,11:11:12,81.0600,12,2
2026-05-11,000333,11:11:15,81.0600,21,2
2026-05-11,000333,11:11:18,81.0700,14,4
2026-05-11,000333,11:11:21,81.0600,21,2
2026-05-11,000333,11:11:24,81.0600,21,2
2026-05-11,000333,11:11:27,81.0400,23,2
2026-05-11,000333,11:11:30,81.0400,13,2
2026-05-11,000333,11:11:33,81.0400,66,2
2026-05-11,000333,11:11:36,81.0500,18,1
2026-05-11,000333,11:11:39,81.0700,45,1
2026-05-11,000333,11:11:42,81.0800,8,1
2026-05-11,000333,11:11:45,81.0500,25,2
2026-05-11,000333,11:11:48,81.0400,27,2
2026-05-11,000333,11:11:51,81.0500,52,1
2026-05-11,000333,11:11:54,81.0500,28,2
2026-05-11,000333,11:11:57,81.0600,35,1
2026-05-11,000333,11:12:00,81.0800,6,1
2026-05-11,000333,11:12:03,81.0700,20,4
2026-05-11,000333,11:12:06,81.0700,5,2
2026-05-11,000333,11:12:09,81.0400,25,2
2026-05-11,000333,11:12:12,81.0400,27,2
2026-05-11,000333,11:12:15,81.0400,35,2
2026-05-11,000333,11:12:18,81.0600,69,4
2026-05-11,000333,11:12:21,81.0600,8,1
2026-05-11,000333,11:12:24,81.0500,36,1
2026-05-11,000333,11:12:27,81.0400,12,2
2026-05-11,000333,11:12:30,81.0500,5,4
2026-05-11,000333,11:12:33,81.0500,28,2
2026-05-11,000333,11:12:36,81.0400,18,2
2026-05-11,000333,11:12:39,81.0400,61,2
2026-05-11,000333,11:12:42,81.0400,20,2
2026-05-11,000333,11:12:45,81.0300,48,2
2026-05-11,000333,11:12:48,81.0400,37,1
2026-05-11,000333,11:12:51,81.0500,25,2
2026-05-11,000333,11:12:54,81.0500,20,2
2026-05-11,000333,11:12:57,81.0200,23,2
2026-05-11,000333,11:13:00,81.0200,17,2
2026-05-11,000333,11:13:03,81.0200,44,2
2026-05-11,000333,11:13:06,81.0300,32,2
2026-05-11,000333,11:13:09,81.0300,90,1
2026-05-11,000333,11:13:12,81.0200,82,2
2026-05-11,000333,11:13:15,81.0200,682,2
2026-05-11,000333,11:13:18,81.0200,53,1
2026-05-11,000333,11:13:21,81.0000,34,2
2026-05-11,000333,11:13:24,80.9900,33,2
2026-05-11,000333,11:13:27,81.0000,61,2
2026-05-11,000333,11:13:30,80.9900,82,2
2026-05-11,000333,11:13:33,80.9600,40,2
2026-05-11,000333,11:13:36,80.9500,70,2
2026-05-11,000333,11:13:39,80.9600,165,1
2026-05-11,000333,11:13:42,80.9800,46,4
2026-05-11,000333,11:13:45,80.9500,21,2
2026-05-11,000333,11:13:48,80.9800,40,1
2026-05-11,000333,11:13:51,80.9500,26,2
2026-05-11,000333,11:13:54,80.9500,88,2
2026-05-11,000333,11:13:57,80.9500,80,1
2026-05-11,000333,11:14:00,80.9300,66,2
2026-05-11,000333,11:14:03,80.9500,12,2
2026-05-11,000333,11:14:06,80.9800,19,1
2026-05-11,000333,11:14:09,80.9700,6,4
2026-05-11,000333,11:14:12,80.9700,52,2
2026-05-11,000333,11:14:15,80.9600,32,2
2026-05-11,000333,11:14:18,80.9600,120,2
2026-05-11,000333,11:14:21,80.9400,42,2
2026-05-11,000333,11:14:24,80.9300,59,2
2026-05-11,000333,11:14:27,80.9300,16,1
2026-05-11,000333,11:14:30,80.9100,23,2
2026-05-11,000333,11:14:33,80.9200,67,4
2026-05-11,000333,11:14:36,80.9200,95,1
2026-05-11,000333,11:14:39,80.9200,136,1
2026-05-11,000333,11:14:42,80.9300,27,1
2026-05-11,000333,11:14:45,80.9200,392,2
2026-05-11,000333,11:14:48,80.9300,31,1
2026-05-11,000333,11:14:51,80.9200,30,2
2026-05-11,000333,11:14:54,80.9100,11,2
2026-05-11,000333,11:14:57,80.9100,99,1
2026-05-11,000333,11:15:00,80.9100,5,1
2026-05-11,000333,11:15:03,80.9100,9,2
2026-05-11,000333,11:15:06,80.9000,11,2
2026-05-11,000333,11:15:09,80.9000,561,2
2026-05-11,000333,11:15:12,80.9000,104,1
2026-05-11,000333,11:15:15,80.8700,21,2
2026-05-11,000333,11:15:18,80.9000,75,1
2026-05-11,000333,11:15:21,80.8900,176,4
2026-05-11,000333,11:15:24,80.9100,19,1
2026-05-11,000333,11:15:27,80.8900,48,2
2026-05-11,000333,11:15:30,80.9100,20,1
2026-05-11,000333,11:15:33,80.8900,13,2
2026-05-11,000333,11:15:36,80.9100,52,1
2026-05-11,000333,11:15:39,80.9100,29,2
2026-05-11,000333,11:15:42,80.9000,16,2
2026-05-11,000333,11:15:45,80.9300,40,1
2026-05-11,000333,11:15:48,80.8900,41,2
2026-05-11,000333,11:15:51,80.9200,45,1
2026-05-11,000333,11:15:54,80.9300,29,1
2026-05-11,000333,11:15:57,80.9400,41,1
2026-05-11,000333,11:16:00,80.9200,32,2
2026-05-11,000333,11:16:03,80.9400,13,1
2026-05-11,000333,11:16:06,80.9300,9,2
2026-05-11,000333,11:16:09,80.9000,27,2
2026-05-11,000333,11:16:12,80.9100,52,1
2026-05-11,000333,11:16:15,80.9200,24,4
2026-05-11,000333,11:16:18,80.9000,46,2
2026-05-11,000333,11:16:21,80.9000,66,2
2026-05-11,000333,11:16:24,80.9000,69,2
2026-05-11,000333,11:16:27,80.9000,116,2
2026-05-11,000333,11:16:30,80.9000,58,2
2026-05-11,000333,11:16:33,80.8900,50,2
2026-05-11,000333,11:16:36,80.8900,23,2
2026-05-11,000333,11:16:39,80.9000,34,1
2026-05-11,000333,11:16:42,80.8900,49,2
2026-05-11,000333,11:16:45,80.8900,32,1
2026-05-11,000333,11:16:48,80.8800,33,2
2026-05-11,000333,11:16:51,80.8800,69,2
2026-05-11,000333,11:16:54,80.8700,191,2
2026-05-11,000333,11:16:57,80.8600,152,2
2026-05-11,000333,11:17:00,80.8400,102,2
2026-05-11,000333,11:17:03,80.8500,59,4
2026-05-11,000333,11:17:06,80.8400,21,2
2026-05-11,000333,11:17:09,80.8200,38,2
2026-05-11,000333,11:17:12,80.8200,121,2
2026-05-11,000333,11:17:15,80.8200,96,2
2026-05-11,000333,11:17:18,80.8100,74,2
2026-05-11,000333,11:17:21,80.8800,63,1
2026-05-11,000333,11:17:24,80.8200,122,2
2026-05-11,000333,11:17:27,80.8100,142,2
2026-05-11,000333,11:17:30,80.8100,89,2
2026-05-11,000333,11:17:33,80.8100,33,2
2026-05-11,000333,11:17:36,80.8900,46,1
2026-05-11,000333,11:17:39,80.8300,44,2
2026-05-11,000333,11:17:42,80.9100,46,1
2026-05-11,000333,11:17:45,80.9100,57,1
2026-05-11,000333,11:17:48,80.8800,30,2
2026-05-11,000333,11:17:51,80.8200,44,2
2026-05-11,000333,11:17:54,80.8600,34,1
2026-05-11,000333,11:17:57,80.8400,8,2
2026-05-11,000333,11:18:00,80.8400,8,2
2026-05-11,000333,11:18:03,80.8300,47,2
2026-05-11,000333,11:18:06,80.8300,4,2
2026-05-11,000333,11:18:09,80.8200,42,2
2026-05-11,000333,11:18:12,80.8200,55,2
2026-05-11,000333,11:18:15,80.8100,21,2
2026-05-11,000333,11:18:18,80.8600,13,1
2026-05-11,000333,11:18:21,80.8700,26,1
2026-05-11,000333,11:18:24,80.8600,19,1
2026-05-11,000333,11:18:27,80.8200,43,2
2026-05-11,000333,11:18:30,80.8200,31,2
2026-05-11,000333,11:18:33,80.8300,23,1
2026-05-11,000333,11:18:36,80.8300,8,2
2026-05-11,000333,11:18:39,80.8200,61,2
2026-05-11,000333,11:18:42,80.8200,50,2
2026-05-11,000333,11:18:45,80.8100,31,2
2026-05-11,000333,11:18:51,80.8200,14,2
2026-05-11,000333,11:18:54,80.8200,28,2
2026-05-11,000333,11:18:57,80.8200,17,2
2026-05-11,000333,11:19:00,80.8300,4,2
2026-05-11,000333,11:19:03,80.8300,42,2
2026-05-11,000333,11:19:06,80.8500,11,1
2026-05-11,000333,11:19:09,80.8300,50,2
2026-05-11,000333,11:19:12,80.8300,58,2
2026-05-11,000333,11:19:15,80.8300,14,2
2026-05-11,000333,11:19:18,80.8300,40,2
2026-05-11,000333,11:19:21,80.8200,32,2
2026-05-11,000333,11:19:24,80.8200,24,2
2026-05-11,000333,11:19:27,80.8200,1,2
2026-05-11,000333,11:19:30,80.8300,24,4
2026-05-11,000333,11:19:33,80.8200,31,2
2026-05-11,000333,11:19:36,80.8400,38,4
2026-05-11,000333,11:19:39,80.9200,39,1
2026-05-11,000333,11:19:42,80.8700,49,2
2026-05-11,000333,11:19:45,80.8500,20,2
2026-05-11,000333,11:19:48,80.9200,37,1
2026-05-11,000333,11:19:51,80.8200,4,2
2026-05-11,000333,11:19:54,80.8300,27,2
2026-05-11,000333,11:19:57,80.8600,11,2
2026-05-11,000333,11:20:00,80.8400,1,2
2026-05-11,000333,11:20:03,80.8600,19,1
2026-05-11,000333,11:20:06,80.8300,15,2
2026-05-11,000333,11:20:09,80.8400,72,2
2026-05-11,000333,11:20:12,80.8200,36,2
2026-05-11,000333,11:20:15,80.8900,43,1
2026-05-11,000333,11:20:18,80.9900,35,1
2026-05-11,000333,11:20:21,80.8600,28,2
2026-05-11,000333,11:20:24,80.8700,50,2
2026-05-11,000333,11:20:27,80.8700,10,1
2026-05-11,000333,11:20:30,80.8500,34,2
2026-05-11,000333,11:20:33,80.8300,29,2
2026-05-11,000333,11:20:36,80.8300,41,2
2026-05-11,000333,11:20:39,80.8200,31,2
2026-05-11,000333,11:20:42,80.8200,69,2
2026-05-11,000333,11:20:45,80.8500,710,1
2026-05-11,000333,11:20:48,80.8000,31,2
2026-05-11,000333,11:20:51,80.8300,458,2
2026-05-11,000333,11:20:54,80.8500,514,1
2026-05-11,000333,11:20:57,80.8400,10,2
2026-05-11,000333,11:21:00,80.8500,33,1
2026-05-11,000333,11:21:03,80.8400,183,2
2026-05-11,000333,11:21:06,80.8000,255,2
2026-05-11,000333,11:21:09,80.8400,208,1
2026-05-11,000333,11:21:12,80.8400,116,2
2026-05-11,000333,11:21:15,80.8100,23,2
2026-05-11,000333,11:21:18,80.8100,49,4
2026-05-11,000333,11:21:21,80.8100,41,2
2026-05-11,000333,11:21:24,80.7900,23,2
2026-05-11,000333,11:21:27,80.8000,45,2
2026-05-11,000333,11:21:30,80.8200,53,1
