date,code,time,price,volume,bs
2026-05-29,601318,14:07:05,53.2600,225,2
2026-05-29,601318,14:07:08,53.2600,163,2
2026-05-29,601318,14:07:11,53.2700,154,1
2026-05-29,601318,14:07:14,53.2800,226,1
2026-05-29,601318,14:07:17,53.2900,205,1
2026-05-29,601318,14:07:20,53.2900,28,1
2026-05-29,601318,14:07:23,53.2800,3,4
2026-05-29,601318,14:07:26,53.2700,97,2
2026-05-29,601318,14:07:29,53.2900,99,1
2026-05-29,601318,14:07:32,53.2900,535,1
2026-05-29,601318,14:07:35,53.2600,455,2
2026-05-29,601318,14:07:38,53.2700,139,1
2026-05-29,601318,14:07:41,53.2600,128,2
2026-05-29,601318,14:07:44,53.2700,32,1
2026-05-29,601318,14:07:47,53.2600,145,2
2026-05-29,601318,14:07:50,53.2500,161,2
2026-05-29,601318,14:07:53,53.2600,19,1
2026-05-29,601318,14:07:56,53.2500,59,2
2026-05-29,601318,14:07:59,53.2500,7,2
2026-05-29,601318,14:08:02,53.2600,343,1
2026-05-29,601318,14:08:05,53.2800,216,1
2026-05-29,601318,14:08:08,53.2900,146,1
2026-05-29,601318,14:08:11,53.2900,34,1
2026-05-29,601318,14:08:14,53.2800,48,2
2026-05-29,601318,14:08:17,53.2900,115,1
2026-05-29,601318,14:08:20,53.2800,53,2
2026-05-29,601318,14:08:23,53.2900,32,1
2026-05-29,601318,14:08:26,53.2900,69,1
2026-05-29,601318,14:08:29,53.2900,42,1
2026-05-29,601318,14:08:32,53.2800,71,4
2026-05-29,601318,14:08:35,53.2900,89,1
2026-05-29,601318,14:08:38,53.3000,213,1
2026-05-29,601318,14:08:41,53.2800,120,2
2026-05-29,601318,14:08:44,53.3000,120,1
2026-05-29,601318,14:08:47,53.3000,80,1
2026-05-29,601318,14:08:50,53.3000,789,1
2026-05-29,601318,14:08:53,53.2900,79,2
2026-05-29,601318,14:08:56,53.2900,25,1
2026-05-29,601318,14:08:59,53.2900,445,1
2026-05-29,601318,14:09:02,53.2500,447,2
2026-05-29,601318,14:09:05,53.2600,27,1
2026-05-29,601318,14:09:08,53.2500,85,2
2026-05-29,601318,14:09:11,53.2500,77,2
2026-05-29,601318,14:09:14,53.2600,61,1
2026-05-29,601318,14:09:17,53.2700,266,1
2026-05-29,601318,14:09:20,53.2700,201,2
2026-05-29,601318,14:09:23,53.2700,71,2
2026-05-29,601318,14:09:26,53.2800,18,1
2026-05-29,601318,14:09:29,53.2600,48,2
2026-05-29,601318,14:09:32,53.2500,6,2
2026-05-29,601318,14:09:35,53.2500,16,2
2026-05-29,601318,14:09:38,53.2600,232,1
2026-05-29,601318,14:09:41,53.2500,255,2
2026-05-29,601318,14:09:44,53.2500,92,1
2026-05-29,601318,14:09:47,53.2600,91,1
2026-05-29,601318,14:09:50,53.2500,9,2
2026-05-29,601318,14:09:53,53.2300,128,2
2026-05-29,601318,14:09:56,53.2400,15,4
2026-05-29,601318,14:09:59,53.2300,21,2
2026-05-29,601318,14:10:02,53.2300,76,2
2026-05-29,601318,14:10:05,53.2400,44,1
2026-05-29,601318,14:10:08,53.2300,38,4
2026-05-29,601318,14:10:11,53.2500,287,1
2026-05-29,601318,14:10:14,53.2500,32,4
2026-05-29,601318,14:10:17,53.2500,104,2
2026-05-29,601318,14:10:20,53.2400,97,2
2026-05-29,601318,14:10:23,53.2300,249,2
2026-05-29,601318,14:10:26,53.2300,328,2
2026-05-29,601318,14:10:29,53.2300,19,2
2026-05-29,601318,14:10:32,53.2300,47,2
2026-05-29,601318,14:10:35,53.2300,60,2
2026-05-29,601318,14:10:38,53.2400,25,1
2026-05-29,601318,14:10:41,53.2300,141,1
2026-05-29,601318,14:10:44,53.2200,65,2
2026-05-29,601318,14:10:47,53.2200,103,2
2026-05-29,601318,14:10:50,53.2200,8,1
2026-05-29,601318,14:10:53,53.2200,219,1
2026-05-29,601318,14:10:56,53.2200,22,1
2026-05-29,601318,14:10:59,53.2200,222,1
2026-05-29,601318,14:11:02,53.2200,274,1
2026-05-29,601318,14:11:05,53.2100,69,2
2026-05-29,601318,14:11:08,53.2100,71,1
2026-05-29,601318,14:11:11,53.2100,67,1
2026-05-29,601318,14:11:14,53.2100,55,1
2026-05-29,601318,14:11:17,53.2300,741,1
2026-05-29,601318,14:11:20,53.2400,118,1
2026-05-29,601318,14:11:23,53.2400,48,2
2026-05-29,601318,14:11:26,53.2400,119,2
2026-05-29,601318,14:11:29,53.2600,107,1
2026-05-29,601318,14:11:32,53.2600,166,1
2026-05-29,601318,14:11:35,53.2700,21,4
2026-05-29,601318,14:11:38,53.2600,31,2
2026-05-29,601318,14:11:41,53.2900,188,1
2026-05-29,601318,14:11:44,53.2800,31,2
2026-05-29,601318,14:11:47,53.2900,104,1
2026-05-29,601318,14:11:50,53.2800,73,2
2026-05-29,601318,14:11:53,53.2900,199,1
2026-05-29,601318,14:11:56,53.2900,3,1
2026-05-29,601318,14:11:59,53.2900,78,1
2026-05-29,601318,14:12:02,53.2900,88,1
2026-05-29,601318,14:12:05,53.2800,42,2
2026-05-29,601318,14:12:08,53.2800,79,2
2026-05-29,601318,14:12:11,53.2700,32,2
2026-05-29,601318,14:12:14,53.2700,1259,2
2026-05-29,601318,14:12:17,53.3100,579,1
2026-05-29,601318,14:12:20,53.3200,62,1
2026-05-29,601318,14:12:23,53.3100,2,1
2026-05-29,601318,14:12:26,53.3100,27,1
2026-05-29,601318,14:12:29,53.3100,79,1
2026-05-29,601318,14:12:32,53.3000,50,2
2026-05-29,601318,14:12:35,53.3100,70,1
2026-05-29,601318,14:12:38,53.3000,21,2
2026-05-29,601318,14:12:41,53.3000,258,1
2026-05-29,601318,14:12:44,53.3200,316,1
2026-05-29,601318,14:12:47,53.3000,71,2
2026-05-29,601318,14:12:50,53.3100,43,1
2026-05-29,601318,14:12:53,53.3200,73,1
2026-05-29,601318,14:12:56,53.3200,70,1
2026-05-29,601318,14:12:59,53.3100,39,2
2026-05-29,601318,14:13:02,53.3100,173,2
2026-05-29,601318,14:13:05,53.3100,63,2
2026-05-29,601318,14:13:08,53.3000,48,2
2026-05-29,601318,14:13:11,53.3000,106,2
2026-05-29,601318,14:13:14,53.3000,32,1
2026-05-29,601318,14:13:17,53.2800,1275,2
2026-05-29,601318,14:13:20,53.2700,28,4
2026-05-29,601318,14:13:23,53.2400,185,2
2026-05-29,601318,14:13:26,53.2400,41,1
2026-05-29,601318,14:13:29,53.2500,5,1
2026-05-29,601318,14:13:32,53.2500,112,1
2026-05-29,601318,14:13:35,53.2400,35,2
2026-05-29,601318,14:13:38,53.2400,104,1
2026-05-29,601318,14:13:41,53.2400,33,1
2026-05-29,601318,14:13:44,53.2400,268,1
2026-05-29,601318,14:13:47,53.2400,28,1
2026-05-29,601318,14:13:50,53.2300,9,4
2026-05-29,601318,14:13:53,53.2400,92,1
2026-05-29,601318,14:13:56,53.2700,182,1
2026-05-29,601318,14:13:59,53.2400,170,2
2026-05-29,601318,14:14:02,53.2400,307,2
2026-05-29,601318,14:14:05,53.2800,26,1
2026-05-29,601318,14:14:08,53.2600,37,2
2026-05-29,601318,14:14:11,53.2600,19,2
2026-05-29,601318,14:14:14,53.2700,42,1
2026-05-29,601318,14:14:17,53.2600,40,4
2026-05-29,601318,14:14:20,53.2600,15,2
2026-05-29,601318,14:14:23,53.2600,37,2
2026-05-29,601318,14:14:26,53.2700,49,1
2026-05-29,601318,14:14:29,53.2600,74,2
2026-05-29,601318,14:14:32,53.2600,184,2
2026-05-29,601318,14:14:35,53.2500,16,2
2026-05-29,601318,14:14:38,53.2600,180,1
2026-05-29,601318,14:14:41,53.2600,62,1
2026-05-29,601318,14:14:44,53.2600,20,1
2026-05-29,601318,14:14:47,53.2600,7,2
2026-05-29,601318,14:14:50,53.2700,33,1
2026-05-29,601318,14:14:53,53.2700,119,1
2026-05-29,601318,14:14:56,53.2700,42,2
2026-05-29,601318,14:14:59,53.2800,71,1
2026-05-29,601318,14:15:02,53.2700,159,2
2026-05-29,601318,14:15:05,53.2800,14,2
2026-05-29,601318,14:15:08,53.2800,50,2
2026-05-29,601318,14:15:11,53.2800,70,1
2026-05-29,601318,14:15:14,53.2800,26,1
2026-05-29,601318,14:15:17,53.2600,104,2
2026-05-29,601318,14:15:20,53.2600,141,2
2026-05-29,601318,14:15:23,53.2600,99,2
2026-05-29,601318,14:15:26,53.2400,51,2
2026-05-29,601318,14:15:29,53.2600,31,1
2026-05-29,601318,14:15:32,53.2600,72,1
2026-05-29,601318,14:15:35,53.2500,12,4
2026-05-29,601318,14:15:38,53.2500,40,1
2026-05-29,601318,14:15:41,53.2400,111,2
2026-05-29,601318,14:15:44,53.2400,29,2
2026-05-29,601318,14:15:47,53.2500,258,1
2026-05-29,601318,14:15:50,53.2300,10,2
2026-05-29,601318,14:15:53,53.2400,23,1
2026-05-29,601318,14:15:56,53.2300,156,2
2026-05-29,601318,14:15:59,53.2300,88,1
2026-05-29,601318,14:16:02,53.2100,116,2
2026-05-29,601318,14:16:05,53.2100,66,2
2026-05-29,601318,14:16:08,53.2200,180,1
2026-05-29,601318,14:16:11,53.2100,28,2
2026-05-29,601318,14:16:14,53.2200,79,1
2026-05-29,601318,14:16:17,53.2100,98,2
2026-05-29,601318,14:16:20,53.2100,102,2
2026-05-29,601318,14:16:23,53.2000,638,2
2026-05-29,601318,14:16:26,53.2000,287,2
2026-05-29,601318,14:16:29,53.2000,27,1
2026-05-29,601318,14:16:32,53.1900,18,2
2026-05-29,601318,14:16:35,53.1900,20,2
2026-05-29,601318,14:16:38,53.1900,424,2
2026-05-29,601318,14:16:41,53.1900,62,2
2026-05-29,601318,14:16:44,53.1800,177,2
2026-05-29,601318,14:16:47,53.1900,15,2
2026-05-29,601318,14:16:50,53.1900,75,2
2026-05-29,601318,14:16:53,53.2000,74,1
2026-05-29,601318,14:16:56,53.2000,239,1
2026-05-29,601318,14:16:59,53.2000,1520,1
2026-05-29,601318,14:17:02,53.1800,280,2
2026-05-29,601318,14:17:05,53.2100,83,1
2026-05-29,601318,14:17:08,53.1900,79,2
2026-05-29,601318,14:17:11,53.2000,84,1
2026-05-29,601318,14:17:14,53.1800,192,2
2026-05-29,601318,14:17:17,53.2000,24,1
2026-05-29,601318,14:17:20,53.2000,33,1
2026-05-29,601318,14:17:23,53.1900,36,2
2026-05-29,601318,14:17:26,53.1900,44,2
2026-05-29,601318,14:17:29,53.2000,104,1
2026-05-29,601318,14:17:32,53.2000,58,1
2026-05-29,601318,14:17:35,53.1900,31,2
2026-05-29,601318,14:17:38,53.1900,108,2
2026-05-29,601318,14:17:41,53.2000,108,1
2026-05-29,601318,14:17:44,53.2100,237,1
2026-05-29,601318,14:17:47,53.2000,58,2
2026-05-29,601318,14:17:50,53.2000,173,2
2026-05-29,601318,14:17:53,53.2000,12,2
2026-05-29,601318,14:17:56,53.2000,74,1
2026-05-29,601318,14:17:59,53.2000,32,2
2026-05-29,601318,14:18:02,53.2200,155,1
2026-05-29,601318,14:18:05,53.2100,77,1
2026-05-29,601318,14:18:08,53.2200,130,1
2026-05-29,601318,14:18:11,53.2000,66,2
2026-05-29,601318,14:18:14,53.2000,93,2
2026-05-29,601318,14:18:17,53.2000,289,2
2026-05-29,601318,14:18:20,53.2200,95,1
2026-05-29,601318,14:18:23,53.2000,88,2
2026-05-29,601318,14:18:26,53.2100,23,1
2026-05-29,601318,14:18:29,53.2000,83,2
2026-05-29,601318,14:18:32,53.2100,335,2
2026-05-29,601318,14:18:35,53.2200,51,1
2026-05-29,601318,14:18:38,53.2100,110,2
2026-05-29,601318,14:18:41,53.2200,132,1
2026-05-29,601318,14:18:44,53.2200,187,2
2026-05-29,601318,14:18:47,53.2300,85,1
2026-05-29,601318,14:18:50,53.2400,72,1
2026-05-29,601318,14:18:53,53.2500,83,1
2026-05-29,601318,14:18:56,53.2500,101,1
2026-05-29,601318,14:18:59,53.2500,285,1
2026-05-29,601318,14:19:02,53.2800,333,1
2026-05-29,601318,14:19:05,53.2500,185,4
2026-05-29,601318,14:19:08,53.2600,49,1
2026-05-29,601318,14:19:11,53.2600,90,2
2026-05-29,601318,14:19:14,53.2200,477,2
2026-05-29,601318,14:19:17,53.2100,1404,2
2026-05-29,601318,14:19:20,53.2000,67,2
2026-05-29,601318,14:19:23,53.2100,17,1
2026-05-29,601318,14:19:26,53.2000,83,2
2026-05-29,601318,14:19:29,53.2000,162,2
2026-05-29,601318,14:19:32,53.2300,119,1
2026-05-29,601318,14:19:35,53.2100,13,2
2026-05-29,601318,14:19:38,53.2500,372,1
2026-05-29,601318,14:19:41,53.2400,130,2
2026-05-29,601318,14:19:44,53.2400,208,2
2026-05-29,601318,14:19:47,53.2300,8,2
2026-05-29,601318,14:19:50,53.2400,248,1
2026-05-29,601318,14:19:53,53.2300,173,2
2026-05-29,601318,14:19:56,53.2300,50,1
2026-05-29,601318,14:19:59,53.2300,178,1
2026-05-29,601318,14:20:02,53.2200,196,2
2026-05-29,601318,14:20:05,53.2200,151,1
2026-05-29,601318,14:20:08,53.3000,267,1
2026-05-29,601318,14:20:11,53.2600,447,2
2026-05-29,601318,14:20:14,53.2900,88,1
2026-05-29,601318,14:20:17,53.2700,17,2
2026-05-29,601318,14:20:20,53.2600,48,2
2026-05-29,601318,14:20:23,53.2600,62,1
2026-05-29,601318,14:20:26,53.2600,317,1
2026-05-29,601318,14:20:29,53.2500,37,1
2026-05-29,601318,14:20:32,53.2600,31,1
2026-05-29,601318,14:20:35,53.2500,15,1
2026-05-29,601318,14:20:38,53.2500,35,1
2026-05-29,601318,14:20:41,53.2500,28,1
2026-05-29,601318,14:20:44,53.2400,62,4
2026-05-29,601318,14:20:47,53.2400,48,1
2026-05-29,601318,14:20:50,53.2500,49,1
2026-05-29,601318,14:20:53,53.2700,86,1
2026-05-29,601318,14:20:56,53.2600,36,2
2026-05-29,601318,14:20:59,53.2500,221,2
2026-05-29,601318,14:21:02,53.2400,203,2
2026-05-29,601318,14:21:05,53.2400,276,4
2026-05-29,601318,14:21:08,53.2400,107,1
2026-05-29,601318,14:21:11,53.2300,62,2
2026-05-29,601318,14:21:14,53.2300,30,1
2026-05-29,601318,14:21:17,53.2300,63,1
2026-05-29,601318,14:21:20,53.2300,215,1
2026-05-29,601318,14:21:23,53.2200,83,2
2026-05-29,601318,14:21:26,53.2300,58,1
2026-05-29,601318,14:21:29,53.2100,200,2
2026-05-29,601318,14:21:32,53.2100,328,2
2026-05-29,601318,14:21:35,53.2200,3,4
2026-05-29,601318,14:21:38,53.2300,135,1
2026-05-29,601318,14:21:41,53.2300,215,1
2026-05-29,601318,14:21:44,53.2400,149,1
2026-05-29,601318,14:21:47,53.2400,62,1
2026-05-29,601318,14:21:50,53.2400,6,2
2026-05-29,601318,14:21:53,53.2400,21,1
2026-05-29,601318,14:21:56,53.2400,5,1
2026-05-29,601318,14:21:59,53.2200,443,2
2026-05-29,601318,14:22:02,53.2000,300,2
2026-05-29,601318,14:22:05,53.2100,78,1
2026-05-29,601318,14:22:08,53.2100,13,2
2026-05-29,601318,14:22:11,53.2200,59,1
2026-05-29,601318,14:22:14,53.2200,131,1
2026-05-29,601318,14:22:17,53.2200,177,1
2026-05-29,601318,14:22:20,53.2400,226,1
2026-05-29,601318,14:22:23,53.2500,194,1
2026-05-29,601318,14:22:26,53.2600,100,1
2026-05-29,601318,14:22:29,53.2500,32,4
2026-05-29,601318,14:22:32,53.2500,103,1
2026-05-29,601318,14:22:35,53.2600,203,1
2026-05-29,601318,14:22:38,53.2700,92,1
2026-05-29,601318,14:22:41,53.2500,59,2
2026-05-29,601318,14:22:44,53.2500,58,2
2026-05-29,601318,14:22:47,53.2500,14,2
2026-05-29,601318,14:22:50,53.2500,28,2
2026-05-29,601318,14:22:53,53.2600,179,1
2026-05-29,601318,14:22:56,53.2600,78,1
2026-05-29,601318,14:22:59,53.2600,25,2
2026-05-29,601318,14:23:02,53.2600,154,2
2026-05-29,601318,14:23:05,53.2600,137,2
2026-05-29,601318,14:23:08,53.2500,93,2
2026-05-29,601318,14:23:11,53.2500,15,4
2026-05-29,601318,14:23:14,53.2600,62,1
2026-05-29,601318,14:23:17,53.2500,22,4
2026-05-29,601318,14:23:20,53.2400,122,2
2026-05-29,601318,14:23:23,53.2500,83,2
2026-05-29,601318,14:23:26,53.2600,6,1
2026-05-29,601318,14:23:29,53.2500,98,2
2026-05-29,601318,14:23:32,53.2600,214,1
2026-05-29,601318,14:23:35,53.2700,108,1
2026-05-29,601318,14:23:38,53.2800,56,1
2026-05-29,601318,14:23:41,53.2900,38,1
2026-05-29,601318,14:23:44,53.2700,134,2
2026-05-29,601318,14:23:47,53.2800,39,1
2026-05-29,601318,14:23:50,53.2900,284,1
2026-05-29,601318,14:23:53,53.2900,37,2
2026-05-29,601318,14:23:56,53.2900,29,2
2026-05-29,601318,14:23:59,53.2900,120,2
2026-05-29,601318,14:24:02,53.2800,177,2
2026-05-29,601318,14:24:05,53.3000,155,1
2026-05-29,601318,14:24:08,53.2800,55,2
2026-05-29,601318,14:24:11,53.2800,1,1
2026-05-29,601318,14:24:14,53.2800,122,1
2026-05-29,601318,14:24:17,53.2800,17,1
2026-05-29,601318,14:24:20,53.2700,15,2
2026-05-29,601318,14:24:23,53.2700,40,2
2026-05-29,601318,14:24:26,53.2800,38,1
2026-05-29,601318,14:24:29,53.2800,73,1
2026-05-29,601318,14:24:32,53.2800,4,1
2026-05-29,601318,14:24:35,53.2800,171,1
2026-05-29,601318,14:24:38,53.2700,77,2
2026-05-29,601318,14:24:41,53.2700,83,2
2026-05-29,601318,14:24:44,53.2700,98,2
2026-05-29,601318,14:24:47,53.2700,178,2
2026-05-29,601318,14:24:50,53.2800,188,1
2026-05-29,601318,14:24:53,53.2700,8,2
2026-05-29,601318,14:24:56,53.2800,185,1
2026-05-29,601318,14:24:59,53.2900,145,1
2026-05-29,601318,14:25:02,53.2500,161,2
2026-05-29,601318,14:25:05,53.2900,178,1
2026-05-29,601318,14:25:08,53.2900,253,1
2026-05-29,601318,14:25:11,53.2800,70,2
2026-05-29,601318,14:25:14,53.2700,133,2
2026-05-29,601318,14:25:17,53.2900,80,1
2026-05-29,601318,14:25:20,53.2800,54,2
2026-05-29,601318,14:25:23,53.2800,117,2
2026-05-29,601318,14:25:26,53.2800,32,1
2026-05-29,601318,14:25:29,53.2800,51,1
2026-05-29,601318,14:25:32,53.2800,40,1
2026-05-29,601318,14:25:35,53.2800,33,1
2026-05-29,601318,14:25:38,53.2800,20,1
2026-05-29,601318,14:25:41,53.2800,38,1
2026-05-29,601318,14:25:44,53.2800,21,1
2026-05-29,601318,14:25:47,53.2800,73,1
2026-05-29,601318,14:25:50,53.2900,260,1
2026-05-29,601318,14:25:53,53.2800,32,1
2026-05-29,601318,14:25:56,53.2800,18,1
2026-05-29,601318,14:25:59,53.2800,7,1
2026-05-29,601318,14:26:02,53.2800,75,1
2026-05-29,601318,14:26:05,53.2800,34,1
2026-05-29,601318,14:26:08,53.2800,24,1
2026-05-29,601318,14:26:11,53.2800,51,1
2026-05-29,601318,14:26:14,53.2800,86,1
2026-05-29,601318,14:26:17,53.2800,54,2
2026-05-29,601318,14:26:20,53.2900,14,1
2026-05-29,601318,14:26:23,53.2800,44,2
2026-05-29,601318,14:26:26,53.2800,2,2
2026-05-29,601318,14:26:29,53.2900,103,1
2026-05-29,601318,14:26:32,53.2900,118,1
2026-05-29,601318,14:26:35,53.2900,75,2
2026-05-29,601318,14:26:38,53.2700,278,2
2026-05-29,601318,14:26:41,53.2600,120,2
2026-05-29,601318,14:26:44,53.2700,102,1
2026-05-29,601318,14:26:47,53.2700,18,2
2026-05-29,601318,14:26:50,53.2700,62,2
2026-05-29,601318,14:26:53,53.2700,110,1
2026-05-29,601318,14:26:56,53.2700,7,1
2026-05-29,601318,14:26:59,53.2700,126,1
2026-05-29,601318,14:27:02,53.2400,1049,2
2026-05-29,601318,14:27:05,53.2400,26,2
2026-05-29,601318,14:27:08,53.2500,111,1
2026-05-29,601318,14:27:11,53.2600,99,1
2026-05-29,601318,14:27:14,53.2600,117,1
2026-05-29,601318,14:27:17,53.2600,103,1
2026-05-29,601318,14:27:20,53.2800,214,1
2026-05-29,601318,14:27:23,53.3000,944,1
2026-05-29,601318,14:27:26,53.3300,245,1
2026-05-29,601318,14:27:29,53.3300,307,2
2026-05-29,601318,14:27:32,53.3100,263,2
2026-05-29,601318,14:27:35,53.3100,17,1
2026-05-29,601318,14:27:38,53.3000,83,2
2026-05-29,601318,14:27:41,53.3300,142,1
2026-05-29,601318,14:27:44,53.3000,473,2
2026-05-29,601318,14:27:47,53.3200,44,1
2026-05-29,601318,14:27:50,53.3000,11,2
2026-05-29,601318,14:27:53,53.3000,35,2
2026-05-29,601318,14:27:56,53.3000,26,2
2026-05-29,601318,14:27:59,53.3100,23,1
2026-05-29,601318,14:28:02,53.3100,522,1
2026-05-29,601318,14:28:05,53.3200,56,1
2026-05-29,601318,14:28:08,53.3300,147,1
2026-05-29,601318,14:28:11,53.3400,670,1
2026-05-29,601318,14:28:14,53.3400,388,2
2026-05-29,601318,14:28:17,53.3500,120,1
2026-05-29,601318,14:28:20,53.3500,87,4
2026-05-29,601318,14:28:23,53.3100,250,2
2026-05-29,601318,14:28:26,53.3200,64,1
2026-05-29,601318,14:28:29,53.3200,5,1
2026-05-29,601318,14:28:32,53.3100,30,2
2026-05-29,601318,14:28:35,53.3200,125,1
2026-05-29,601318,14:28:38,53.3400,112,1
2026-05-29,601318,14:28:41,53.3300,225,4
2026-05-29,601318,14:28:44,53.3400,94,1
2026-05-29,601318,14:28:47,53.3400,150,1
2026-05-29,601318,14:28:50,53.3600,97,1
2026-05-29,601318,14:28:53,53.3600,114,1
2026-05-29,601318,14:28:56,53.3600,11,1
2026-05-29,601318,14:28:59,53.3600,61,1
2026-05-29,601318,14:29:02,53.3600,183,2
2026-05-29,601318,14:29:05,53.3700,135,1
2026-05-29,601318,14:29:08,53.3800,354,1
2026-05-29,601318,14:29:11,53.3700,325,2
2026-05-29,601318,14:29:14,53.3800,55,1
2026-05-29,601318,14:29:20,53.3600,458,2
2026-05-29,601318,14:29:23,53.3700,153,4
2026-05-29,601318,14:29:26,53.3700,124,1
2026-05-29,601318,14:29:29,53.3700,6,2
2026-05-29,601318,14:29:32,53.3700,219,2
2026-05-29,601318,14:29:35,53.3600,15,2
2026-05-29,601318,14:29:38,53.3700,69,1
2026-05-29,601318,14:29:41,53.3700,20,1
2026-05-29,601318,14:29:44,53.3700,5,1
2026-05-29,601318,14:29:47,53.3600,9,2
2026-05-29,601318,14:29:50,53.3600,329,2
2026-05-29,601318,14:29:53,53.3700,13,1
2026-05-29,601318,14:29:56,53.3600,40,2
2026-05-29,601318,14:29:59,53.3800,123,1
2026-05-29,601318,14:30:02,53.3300,212,2
2026-05-29,601318,14:30:05,53.3700,153,1
2026-05-29,601318,14:30:08,53.3600,90,2
2026-05-29,601318,14:30:11,53.3600,49,1
2026-05-29,601318,14:30:14,53.3500,25,2
2026-05-29,601318,14:30:17,53.3200,496,2
2026-05-29,601318,14:30:20,53.3300,116,1
2026-05-29,601318,14:30:23,53.3400,10,1
2026-05-29,601318,14:30:26,53.3300,5,2
2026-05-29,601318,14:30:29,53.3400,18,1
2026-05-29,601318,14:30:32,53.3300,17,2
2026-05-29,601318,14:30:35,53.3300,54,2
2026-05-29,601318,14:30:38,53.3500,114,1
2026-05-29,601318,14:30:41,53.3500,23,1
2026-05-29,601318,14:30:44,53.3500,91,2
2026-05-29,601318,14:30:47,53.3600,63,1
2026-05-29,601318,14:30:50,53.3700,36,1
2026-05-29,601318,14:30:53,53.3600,23,2
2026-05-29,601318,14:30:56,53.3500,35,2
2026-05-29,601318,14:30:59,53.3500,73,2
2026-05-29,601318,14:31:02,53.3600,110,1
2026-05-29,601318,14:31:05,53.3600,133,1
2026-05-29,601318,14:31:08,53.3500,103,2
2026-05-29,601318,14:31:11,53.3600,23,2
2026-05-29,601318,14:31:14,53.3500,55,2
2026-05-29,601318,14:31:17,53.3600,46,1
2026-05-29,601318,14:31:20,53.3500,26,2
2026-05-29,601318,14:31:23,53.3500,69,2
2026-05-29,601318,14:31:26,53.3500,27,2
2026-05-29,601318,14:31:29,53.3600,42,1
2026-05-29,601318,14:31:32,53.3400,166,2
2026-05-29,601318,14:31:35,53.3300,255,2
2026-05-29,601318,14:31:38,53.3300,108,4
2026-05-29,601318,14:31:41,53.3400,19,1
2026-05-29,601318,14:31:44,53.3300,92,2
2026-05-29,601318,14:31:47,53.3400,94,1
2026-05-29,601318,14:31:50,53.3400,15,1
2026-05-29,601318,14:31:53,53.3300,51,2
2026-05-29,601318,14:31:56,53.3300,164,2
2026-05-29,601318,14:31:59,53.3300,100,1
2026-05-29,601318,14:32:02,53.3300,140,1
2026-05-29,601318,14:32:05,53.3400,114,1
2026-05-29,601318,14:32:08,53.3500,227,1
2026-05-29,601318,14:32:11,53.3500,122,2
2026-05-29,601318,14:32:14,53.3500,44,2
2026-05-29,601318,14:32:17,53.3500,96,1
2026-05-29,601318,14:32:20,53.3500,11,1
2026-05-29,601318,14:32:23,53.3400,18,2
2026-05-29,601318,14:32:26,53.3500,220,1
2026-05-29,601318,14:32:29,53.3400,14,2
2026-05-29,601318,14:32:32,53.3400,124,2
2026-05-29,601318,14:32:35,53.3500,227,1
2026-05-29,601318,14:32:38,53.3500,66,1
2026-05-29,601318,14:32:41,53.3300,263,2
2026-05-29,601318,14:32:44,53.3400,32,1
2026-05-29,601318,14:32:47,53.3200,65,2
2026-05-29,601318,14:32:50,53.3400,35,1
2026-05-29,601318,14:32:53,53.3300,7,2
2026-05-29,601318,14:32:56,53.3400,21,1
2026-05-29,601318,14:32:59,53.3400,70,1
2026-05-29,601318,14:33:02,53.3500,212,1
2026-05-29,601318,14:33:05,53.3500,142,1
2026-05-29,601318,14:33:08,53.3500,165,1
2026-05-29,601318,14:33:11,53.3600,169,1
2026-05-29,601318,14:33:14,53.3500,31,2
2026-05-29,601318,14:33:17,53.3600,51,1
2026-05-29,601318,14:33:20,53.3600,121,2
2026-05-29,601318,14:33:23,53.3700,30,1
2026-05-29,601318,14:33:26,53.3600,86,2
2026-05-29,601318,14:33:29,53.3600,68,1
2026-05-29,601318,14:33:32,53.3600,33,1
2026-05-29,601318,14:33:35,53.3600,195,1
2026-05-29,601318,14:33:38,53.3600,20,2
2026-05-29,601318,14:33:41,53.3600,244,2
2026-05-29,601318,14:33:44,53.3600,35,1
2026-05-29,601318,14:33:47,53.3700,202,1
2026-05-29,601318,14:33:50,53.3700,162,1
2026-05-29,601318,14:33:53,53.3700,102,2
2026-05-29,601318,14:33:56,53.3700,19,1
2026-05-29,601318,14:33:59,53.3700,15,1
2026-05-29,601318,14:34:02,53.3600,66,2
2026-05-29,601318,14:34:05,53.3600,202,2
2026-05-29,601318,14:34:08,53.3600,98,1
2026-05-29,601318,14:34:11,53.3500,80,2
2026-05-29,601318,14:34:14,53.3600,99,1
2026-05-29,601318,14:34:17,53.3600,69,1
2026-05-29,601318,14:34:20,53.3600,39,1
2026-05-29,601318,14:34:23,53.3600,24,1
2026-05-29,601318,14:34:26,53.3500,31,2
2026-05-29,601318,14:34:29,53.3500,60,2
2026-05-29,601318,14:34:32,53.3500,5,2
2026-05-29,601318,14:34:35,53.3600,175,1
2026-05-29,601318,14:34:38,53.3500,72,2
2026-05-29,601318,14:34:41,53.3600,327,1
2026-05-29,601318,14:34:44,53.3600,68,2
2026-05-29,601318,14:34:47,53.3600,23,2
2026-05-29,601318,14:34:50,53.3600,349,2
2026-05-29,601318,14:34:53,53.3600,69,2
2026-05-29,601318,14:34:56,53.3500,123,2
2026-05-29,601318,14:34:59,53.3500,58,2
2026-05-29,601318,14:35:02,53.3500,197,2
2026-05-29,601318,14:35:05,53.3400,189,2
2026-05-29,601318,14:35:08,53.3600,174,1
2026-05-29,601318,14:35:11,53.3500,50,2
2026-05-29,601318,14:35:14,53.3600,31,4
2026-05-29,601318,14:35:17,53.3500,9,2
2026-05-29,601318,14:35:20,53.3500,88,2
2026-05-29,601318,14:35:23,53.3400,26,2
2026-05-29,601318,14:35:26,53.3600,498,1
2026-05-29,601318,14:35:29,53.3700,235,1
2026-05-29,601318,14:35:32,53.3500,576,2
2026-05-29,601318,14:35:35,53.3500,62,2
2026-05-29,601318,14:35:38,53.3400,52,2
2026-05-29,601318,14:35:41,53.3200,144,2
2026-05-29,601318,14:35:44,53.3500,87,1
2026-05-29,601318,14:35:47,53.3500,99,1
2026-05-29,601318,14:35:50,53.3500,104,1
2026-05-29,601318,14:35:53,53.3600,25,1
2026-05-29,601318,14:35:56,53.3600,29,2
2026-05-29,601318,14:35:59,53.3600,154,1
2026-05-29,601318,14:36:02,53.3600,90,1
2026-05-29,601318,14:36:05,53.3700,73,1
2026-05-29,601318,14:36:08,53.3600,183,2
2026-05-29,601318,14:36:11,53.3600,22,1
2026-05-29,601318,14:36:14,53.3600,52,1
2026-05-29,601318,14:36:17,53.3600,36,1
2026-05-29,601318,14:36:20,53.3500,29,2
2026-05-29,601318,14:36:23,53.3600,97,1
2026-05-29,601318,14:36:26,53.3500,18,2
2026-05-29,601318,14:36:29,53.3600,48,1
2026-05-29,601318,14:36:32,53.3600,50,1
2026-05-29,601318,14:36:35,53.3600,40,1
2026-05-29,601318,14:36:38,53.3700,382,1
2026-05-29,601318,14:36:41,53.3600,44,2
2026-05-29,601318,14:36:44,53.3700,25,1
2026-05-29,601318,14:36:47,53.3700,13,1
2026-05-29,601318,14:36:50,53.3700,358,1
2026-05-29,601318,14:36:53,53.3700,68,2
2026-05-29,601318,14:36:56,53.3800,38,1
2026-05-29,601318,14:36:59,53.3800,56,1
2026-05-29,601318,14:37:02,53.3700,233,2
2026-05-29,601318,14:37:05,53.3700,50,2
2026-05-29,601318,14:37:08,53.3200,1900,2
2026-05-29,601318,14:37:11,53.3300,187,4
2026-05-29,601318,14:37:14,53.3300,35,2
2026-05-29,601318,14:37:17,53.3300,30,2
2026-05-29,601318,14:37:20,53.3400,19,1
2026-05-29,601318,14:37:23,53.3400,95,1
2026-05-29,601318,14:37:26,53.3400,112,1
2026-05-29,601318,14:37:29,53.3500,222,1
2026-05-29,601318,14:37:32,53.3600,340,1
2026-05-29,601318,14:37:35,53.3500,191,2
2026-05-29,601318,14:37:38,53.3500,304,2
2026-05-29,601318,14:37:41,53.3500,91,2
2026-05-29,601318,14:37:44,53.3500,123,1
2026-05-29,601318,14:37:47,53.3700,376,1
2026-05-29,601318,14:37:50,53.3900,2814,1
2026-05-29,601318,14:37:53,53.4000,732,1
2026-05-29,601318,14:37:56,53.3600,57,2
2026-05-29,601318,14:37:59,53.3800,41,1
2026-05-29,601318,14:38:02,53.3600,61,2
2026-05-29,601318,14:38:05,53.3600,41,1
2026-05-29,601318,14:38:08,53.3600,12,1
2026-05-29,601318,14:38:11,53.3500,35,2
2026-05-29,601318,14:38:14,53.3500,43,2
2026-05-29,601318,14:38:17,53.3600,42,1
2026-05-29,601318,14:38:20,53.3600,47,1
2026-05-29,601318,14:38:23,53.3600,45,2
2026-05-29,601318,14:38:26,53.3800,172,1
2026-05-29,601318,14:38:29,53.3700,81,4
2026-05-29,601318,14:38:32,53.3600,166,2
2026-05-29,601318,14:38:35,53.3600,44,1
2026-05-29,601318,14:38:38,53.3600,67,1
2026-05-29,601318,14:38:41,53.3600,45,1
2026-05-29,601318,14:38:44,53.3600,101,2
2026-05-29,601318,14:38:47,53.3500,694,2
2026-05-29,601318,14:38:50,53.3300,252,2
2026-05-29,601318,14:38:53,53.3500,5,1
2026-05-29,601318,14:38:56,53.3600,157,1
2026-05-29,601318,14:38:59,53.3500,229,2
2026-05-29,601318,14:39:02,53.3600,85,1
2026-05-29,601318,14:39:05,53.3700,82,1
2026-05-29,601318,14:39:08,53.3600,145,2
2026-05-29,601318,14:39:11,53.3600,17,2
2026-05-29,601318,14:39:14,53.3700,579,1
2026-05-29,601318,14:39:17,53.3700,205,2
2026-05-29,601318,14:39:20,53.3700,23,1
2026-05-29,601318,14:39:23,53.3600,31,2
2026-05-29,601318,14:39:26,53.3700,92,1
2026-05-29,601318,14:39:29,53.3800,26,1
2026-05-29,601318,14:39:32,53.3700,14,2
2026-05-29,601318,14:39:35,53.3700,23,1
2026-05-29,601318,14:39:38,53.3700,211,1
2026-05-29,601318,14:39:41,53.3700,57,2
2026-05-29,601318,14:39:44,53.3700,4,2
2026-05-29,601318,14:39:47,53.3800,11,1
2026-05-29,601318,14:39:50,53.3800,60,1
2026-05-29,601318,14:39:53,53.3800,629,1
2026-05-29,601318,14:39:56,53.3800,395,1
2026-05-29,601318,14:39:59,53.3700,161,2
2026-05-29,601318,14:40:02,53.4000,528,1
2026-05-29,601318,14:40:05,53.3900,291,2
2026-05-29,601318,14:40:08,53.3800,924,2
2026-05-29,601318,14:40:11,53.4100,179,1
2026-05-29,601318,14:40:14,53.4100,543,1
2026-05-29,601318,14:40:17,53.3700,216,2
2026-05-29,601318,14:40:20,53.3900,10,1
2026-05-29,601318,14:40:23,53.3800,316,2
2026-05-29,601318,14:40:26,53.3700,193,2
2026-05-29,601318,14:40:29,53.4000,24,1
2026-05-29,601318,14:40:32,53.4000,4,1
2026-05-29,601318,14:40:35,53.4000,74,1
2026-05-29,601318,14:40:38,53.4100,151,1
2026-05-29,601318,14:40:41,53.4100,101,1
2026-05-29,601318,14:40:44,53.4100,42,1
2026-05-29,601318,14:40:47,53.4100,21,1
2026-05-29,601318,14:40:50,53.4000,45,2
2026-05-29,601318,14:40:53,53.4100,259,1
2026-05-29,601318,14:40:56,53.4100,16,1
2026-05-29,601318,14:40:59,53.4100,83,1
2026-05-29,601318,14:41:02,53.4100,46,2
2026-05-29,601318,14:41:05,53.4100,274,2
2026-05-29,601318,14:41:08,53.4000,229,2
2026-05-29,601318,14:41:11,53.4000,36,2
2026-05-29,601318,14:41:14,53.4200,241,1
2026-05-29,601318,14:41:17,53.4100,130,4
2026-05-29,601318,14:41:20,53.4100,32,4
2026-05-29,601318,14:41:23,53.4000,42,2
2026-05-29,601318,14:41:26,53.4100,28,1
2026-05-29,601318,14:41:29,53.4300,388,1
2026-05-29,601318,14:41:32,53.4400,247,1
2026-05-29,601318,14:41:35,53.4300,45,4
2026-05-29,601318,14:41:38,53.4300,203,1
2026-05-29,601318,14:41:41,53.4200,260,1
2026-05-29,601318,14:41:44,53.4200,117,1
2026-05-29,601318,14:41:47,53.4400,994,1
2026-05-29,601318,14:41:50,53.4900,5717,1
2026-05-29,601318,14:41:53,53.5000,251,1
2026-05-29,601318,14:41:56,53.4900,180,2
2026-05-29,601318,14:41:59,53.4300,135,2
2026-05-29,601318,14:42:02,53.4700,34,4
2026-05-29,601318,14:42:05,53.4600,388,2
2026-05-29,601318,14:42:08,53.4500,284,2
2026-05-29,601318,14:42:11,53.4600,435,1
2026-05-29,601318,14:42:14,53.4500,182,1
2026-05-29,601318,14:42:17,53.4500,76,1
2026-05-29,601318,14:42:20,53.4300,115,2
2026-05-29,601318,14:42:23,53.4300,15,1
2026-05-29,601318,14:42:26,53.4200,44,2
2026-05-29,601318,14:42:29,53.4200,108,2
2026-05-29,601318,14:42:32,53.4100,365,2
2026-05-29,601318,14:42:35,53.4200,62,1
2026-05-29,601318,14:42:38,53.4200,11,1
2026-05-29,601318,14:42:41,53.4200,60,1
2026-05-29,601318,14:42:44,53.4200,62,1
2026-05-29,601318,14:42:47,53.4100,126,2
2026-05-29,601318,14:42:50,53.4500,413,1
2026-05-29,601318,14:42:53,53.4800,572,1
2026-05-29,601318,14:42:56,53.4700,163,4
2026-05-29,601318,14:42:59,53.4700,174,1
2026-05-29,601318,14:43:02,53.4700,29,1
2026-05-29,601318,14:43:05,53.4600,454,2
2026-05-29,601318,14:43:08,53.4600,148,2
2026-05-29,601318,14:43:11,53.4700,116,1
2026-05-29,601318,14:43:14,53.4600,66,2
2026-05-29,601318,14:43:17,53.4700,200,1
2026-05-29,601318,14:43:20,53.4700,213,2
2026-05-29,601318,14:43:23,53.4700,225,2
2026-05-29,601318,14:43:26,53.4700,144,1
2026-05-29,601318,14:43:29,53.4900,547,1
2026-05-29,601318,14:43:32,53.5000,312,1
2026-05-29,601318,14:43:35,53.5000,108,1
2026-05-29,601318,14:43:38,53.4900,247,4
2026-05-29,601318,14:43:41,53.5000,208,1
2026-05-29,601318,14:43:44,53.4900,103,2
2026-05-29,601318,14:43:47,53.5000,305,1
2026-05-29,601318,14:43:50,53.4800,93,2
2026-05-29,601318,14:43:53,53.4800,70,2
2026-05-29,601318,14:43:56,53.4900,53,1
2026-05-29,601318,14:43:59,53.4800,43,2
2026-05-29,601318,14:44:02,53.4800,431,2
2026-05-29,601318,14:44:05,53.4800,91,2
2026-05-29,601318,14:44:08,53.4800,170,1
2026-05-29,601318,14:44:11,53.4800,534,1
2026-05-29,601318,14:44:14,53.4800,47,1
2026-05-29,601318,14:44:17,53.4500,43,2
2026-05-29,601318,14:44:20,53.4700,103,1
2026-05-29,601318,14:44:23,53.4800,391,1
2026-05-29,601318,14:44:26,53.4800,49,1
2026-05-29,601318,14:44:29,53.4800,81,2
2026-05-29,601318,14:44:32,53.4700,99,2
2026-05-29,601318,14:44:35,53.4700,20,2
2026-05-29,601318,14:44:38,53.4700,110,2
2026-05-29,601318,14:44:41,53.4600,85,2
2026-05-29,601318,14:44:44,53.4700,160,2
2026-05-29,601318,14:44:47,53.4700,59,1
2026-05-29,601318,14:44:50,53.4700,242,1
2026-05-29,601318,14:44:53,53.4700,211,1
2026-05-29,601318,14:44:56,53.4500,55,2
2026-05-29,601318,14:44:59,53.4500,189,2
2026-05-29,601318,14:45:02,53.4600,106,1
2026-05-29,601318,14:45:05,53.4400,65,2
2026-05-29,601318,14:45:08,53.4400,350,1
2026-05-29,601318,14:45:11,53.4100,466,2
2026-05-29,601318,14:45:14,53.4300,85,1
2026-05-29,601318,14:45:17,53.4400,58,1
2026-05-29,601318,14:45:20,53.4100,57,2
2026-05-29,601318,14:45:23,53.4200,157,4
2026-05-29,601318,14:45:26,53.4300,48,1
2026-05-29,601318,14:45:29,53.4200,19,2
2026-05-29,601318,14:45:32,53.4300,111,1
2026-05-29,601318,14:45:35,53.4200,44,2
2026-05-29,601318,14:45:38,53.4200,188,2
2026-05-29,601318,14:45:41,53.4300,248,4
2026-05-29,601318,14:45:44,53.4200,547,2
2026-05-29,601318,14:45:47,53.4300,137,4
2026-05-29,601318,14:45:50,53.4300,136,2
2026-05-29,601318,14:45:53,53.4300,94,1
2026-05-29,601318,14:45:56,53.4400,148,1
2026-05-29,601318,14:45:59,53.4300,73,2
2026-05-29,601318,14:46:02,53.4300,118,2
2026-05-29,601318,14:46:05,53.4100,405,2
2026-05-29,601318,14:46:08,53.4300,291,1
2026-05-29,601318,14:46:11,53.4100,163,2
2026-05-29,601318,14:46:14,53.4300,340,1
2026-05-29,601318,14:46:17,53.4200,138,2
2026-05-29,601318,14:46:20,53.4500,109,1
2026-05-29,601318,14:46:23,53.4600,264,1
2026-05-29,601318,14:46:26,53.4700,150,1
2026-05-29,601318,14:46:29,53.4300,92,2
2026-05-29,601318,14:46:32,53.4600,88,1
2026-05-29,601318,14:46:35,53.4500,27,1
2026-05-29,601318,14:46:38,53.4200,85,2
2026-05-29,601318,14:46:41,53.4500,219,1
2026-05-29,601318,14:46:44,53.4200,136,2
2026-05-29,601318,14:46:47,53.4300,541,4
2026-05-29,601318,14:46:50,53.4400,110,1
2026-05-29,601318,14:46:53,53.4400,205,2
2026-05-29,601318,14:46:56,53.4500,51,4
2026-05-29,601318,14:46:59,53.4400,78,2
2026-05-29,601318,14:47:02,53.4200,980,2
2026-05-29,601318,14:47:05,53.4100,210,2
2026-05-29,601318,14:47:08,53.4100,169,2
2026-05-29,601318,14:47:11,53.4100,132,2
2026-05-29,601318,14:47:14,53.4100,392,2
2026-05-29,601318,14:47:17,53.4100,323,2
2026-05-29,601318,14:47:20,53.4200,84,1
2026-05-29,601318,14:47:23,53.4100,109,2
2026-05-29,601318,14:47:26,53.4200,9,1
2026-05-29,601318,14:47:29,53.4100,129,2
2026-05-29,601318,14:47:32,53.4200,132,1
2026-05-29,601318,14:47:35,53.4300,60,1
2026-05-29,601318,14:47:38,53.4300,39,1
2026-05-29,601318,14:47:41,53.4300,14,1
2026-05-29,601318,14:47:44,53.4300,9,1
2026-05-29,601318,14:47:47,53.4200,98,2
2026-05-29,601318,14:47:50,53.4300,25,1
2026-05-29,601318,14:47:53,53.3900,1755,2
2026-05-29,601318,14:47:56,53.4000,28,1
2026-05-29,601318,14:47:59,53.3900,11,2
2026-05-29,601318,14:48:02,53.4000,177,1
2026-05-29,601318,14:48:05,53.3900,23,2
2026-05-29,601318,14:48:08,53.3900,368,2
2026-05-29,601318,14:48:11,53.3900,148,2
2026-05-29,601318,14:48:14,53.3900,89,2
2026-05-29,601318,14:48:17,53.3900,77,2
2026-05-29,601318,14:48:20,53.4000,264,1
2026-05-29,601318,14:48:23,53.3900,34,2
2026-05-29,601318,14:48:26,53.3900,178,2
2026-05-29,601318,14:48:29,53.3900,44,1
2026-05-29,601318,14:48:32,53.3900,310,1
2026-05-29,601318,14:48:35,53.3900,203,1
2026-05-29,601318,14:48:38,53.3900,43,1
2026-05-29,601318,14:48:41,53.3900,31,1
2026-05-29,601318,14:48:44,53.3900,50,1
2026-05-29,601318,14:48:47,53.3800,284,2
2026-05-29,601318,14:48:50,53.3900,105,1
2026-05-29,601318,14:48:53,53.3900,38,1
2026-05-29,601318,14:48:56,53.3900,1052,1
2026-05-29,601318,14:48:59,53.3900,86,2
2026-05-29,601318,14:49:02,53.3600,1716,2
2026-05-29,601318,14:49:05,53.3600,214,2
2026-05-29,601318,14:49:08,53.3500,36,2
2026-05-29,601318,14:49:11,53.3600,70,1
2026-05-29,601318,14:49:14,53.3500,66,2
2026-05-29,601318,14:49:17,53.3600,139,1
2026-05-29,601318,14:49:20,53.3600,187,1
2026-05-29,601318,14:49:23,53.3500,224,2
2026-05-29,601318,14:49:26,53.3700,134,1
2026-05-29,601318,14:49:29,53.3600,42,2
2026-05-29,601318,14:49:32,53.3600,479,2
2026-05-29,601318,14:49:35,53.3600,89,1
2026-05-29,601318,14:49:38,53.3600,53,2
2026-05-29,601318,14:49:41,53.3700,146,1
2026-05-29,601318,14:49:44,53.3700,23,1
2026-05-29,601318,14:49:47,53.3600,43,2
2026-05-29,601318,14:49:50,53.3800,208,1
2026-05-29,601318,14:49:53,53.3700,142,2
2026-05-29,601318,14:49:56,53.3700,44,1
2026-05-29,601318,14:49:59,53.3600,122,2
2026-05-29,601318,14:50:02,53.3700,1256,1
2026-05-29,601318,14:50:05,53.3700,436,1
2026-05-29,601318,14:50:08,53.3700,280,1
2026-05-29,601318,14:50:11,53.3700,257,2
2026-05-29,601318,14:50:14,53.3800,360,2
2026-05-29,601318,14:50:17,53.3900,225,1
2026-05-29,601318,14:50:20,53.3800,96,2
2026-05-29,601318,14:50:23,53.3800,217,2
2026-05-29,601318,14:50:26,53.3800,107,1
2026-05-29,601318,14:50:29,53.3800,64,1
2026-05-29,601318,14:50:32,53.3800,152,1
2026-05-29,601318,14:50:35,53.3700,124,2
2026-05-29,601318,14:50:38,53.3900,70,1
2026-05-29,601318,14:50:41,53.3900,313,1
2026-05-29,601318,14:50:44,53.3900,168,1
2026-05-29,601318,14:50:47,53.3800,11,2
2026-05-29,601318,14:50:50,53.3800,55,1
2026-05-29,601318,14:50:53,53.3700,51,2
2026-05-29,601318,14:50:56,53.3700,159,2
2026-05-29,601318,14:50:59,53.3700,552,2
2026-05-29,601318,14:51:02,53.3700,539,1
2026-05-29,601318,14:51:05,53.3500,150,2
2026-05-29,601318,14:51:08,53.3600,385,1
2026-05-29,601318,14:51:11,53.3600,38,1
2026-05-29,601318,14:51:14,53.3500,264,2
2026-05-29,601318,14:51:17,53.3700,177,1
2026-05-29,601318,14:51:20,53.3700,90,1
2026-05-29,601318,14:51:23,53.3600,58,2
2026-05-29,601318,14:51:26,53.3600,238,2
2026-05-29,601318,14:51:29,53.3500,127,2
2026-05-29,601318,14:51:32,53.3600,114,2
2026-05-29,601318,14:51:35,53.3700,139,1
2026-05-29,601318,14:51:38,53.3700,37,2
2026-05-29,601318,14:51:41,53.3800,166,1
2026-05-29,601318,14:51:44,53.3700,127,2
2026-05-29,601318,14:51:47,53.3700,35,2
2026-05-29,601318,14:51:50,53.3700,228,2
2026-05-29,601318,14:51:53,53.3700,83,2
2026-05-29,601318,14:51:56,53.3900,113,1
2026-05-29,601318,14:51:59,53.3800,73,2
2026-05-29,601318,14:52:02,53.3800,329,2
2026-05-29,601318,14:52:05,53.3800,110,1
2026-05-29,601318,14:52:08,53.3900,208,1
2026-05-29,601318,14:52:11,53.3800,148,1
2026-05-29,601318,14:52:14,53.3800,190,2
2026-05-29,601318,14:52:17,53.4000,146,1
2026-05-29,601318,14:52:20,53.3900,122,2
2026-05-29,601318,14:52:23,53.3900,169,2
2026-05-29,601318,14:52:26,53.4000,220,1
2026-05-29,601318,14:52:29,53.4000,487,1
2026-05-29,601318,14:52:32,53.3900,264,2
2026-05-29,601318,14:52:35,53.4000,46,1
2026-05-29,601318,14:52:38,53.4000,107,1
2026-05-29,601318,14:52:41,53.4000,70,1
2026-05-29,601318,14:52:44,53.4000,370,1
2026-05-29,601318,14:52:47,53.4200,298,1
2026-05-29,601318,14:52:50,53.4100,98,2
2026-05-29,601318,14:52:53,53.4300,343,1
2026-05-29,601318,14:52:56,53.4100,101,2
2026-05-29,601318,14:52:59,53.4200,392,1
2026-05-29,601318,14:53:02,53.3900,613,2
2026-05-29,601318,14:53:05,53.4000,510,4
2026-05-29,601318,14:53:08,53.4000,551,2
2026-05-29,601318,14:53:11,53.4000,62,2
2026-05-29,601318,14:53:14,53.4000,82,1
2026-05-29,601318,14:53:17,53.3900,117,2
2026-05-29,601318,14:53:20,53.4100,885,1
2026-05-29,601318,14:53:23,53.4100,131,2
2026-05-29,601318,14:53:26,53.4100,73,2
2026-05-29,601318,14:53:29,53.4100,106,2
2026-05-29,601318,14:53:32,53.4100,167,1
2026-05-29,601318,14:53:35,53.4100,129,1
2026-05-29,601318,14:53:38,53.4100,318,1
2026-05-29,601318,14:53:41,53.4100,96,1
2026-05-29,601318,14:53:44,53.4000,68,2
2026-05-29,601318,14:53:47,53.4000,120,2
2026-05-29,601318,14:53:50,53.4000,80,2
2026-05-29,601318,14:53:53,53.4000,74,2
2026-05-29,601318,14:53:56,53.4100,61,1
2026-05-29,601318,14:53:59,53.4000,389,2
2026-05-29,601318,14:54:02,53.4100,307,1
2026-05-29,601318,14:54:05,53.4000,408,2
2026-05-29,601318,14:54:08,53.4000,77,1
2026-05-29,601318,14:54:11,53.4000,459,1
2026-05-29,601318,14:54:14,53.4100,105,4
2026-05-29,601318,14:54:17,53.4000,364,2
2026-05-29,601318,14:54:20,53.4000,170,2
2026-05-29,601318,14:54:23,53.4000,76,2
2026-05-29,601318,14:54:26,53.4100,310,1
2026-05-29,601318,14:54:29,53.4000,122,2
2026-05-29,601318,14:54:32,53.4200,325,1
2026-05-29,601318,14:54:35,53.4100,205,2
2026-05-29,601318,14:54:38,53.4000,194,2
2026-05-29,601318,14:54:41,53.4100,92,1
2026-05-29,601318,14:54:44,53.4200,370,1
2026-05-29,601318,14:54:47,53.4200,483,1
2026-05-29,601318,14:54:50,53.4200,202,2
2026-05-29,601318,14:54:53,53.4200,90,2
2026-05-29,601318,14:54:56,53.4100,94,2
2026-05-29,601318,14:54:59,53.4200,53,1
2026-05-29,601318,14:55:02,53.4200,290,1
2026-05-29,601318,14:55:05,53.4100,199,2
2026-05-29,601318,14:55:08,53.4200,366,1
2026-05-29,601318,14:55:11,53.4200,50,2
2026-05-29,601318,14:55:14,53.4200,86,2
2026-05-29,601318,14:55:17,53.4100,469,2
2026-05-29,601318,14:55:20,53.3600,2013,2
2026-05-29,601318,14:55:23,53.3900,518,1
2026-05-29,601318,14:55:26,53.3800,142,1
2026-05-29,601318,14:55:29,53.4000,508,1
2026-05-29,601318,14:55:32,53.4000,162,1
2026-05-29,601318,14:55:35,53.4000,378,2
2026-05-29,601318,14:55:38,53.4000,117,2
2026-05-29,601318,14:55:41,53.4100,441,1
2026-05-29,601318,14:55:44,53.4000,349,2
2026-05-29,601318,14:55:47,53.4100,105,2
2026-05-29,601318,14:55:50,53.4200,414,1
2026-05-29,601318,14:55:53,53.4300,343,1
2026-05-29,601318,14:55:56,53.4200,195,2
2026-05-29,601318,14:55:59,53.4200,94,2
2026-05-29,601318,14:56:02,53.4200,162,2
2026-05-29,601318,14:56:05,53.4200,119,1
2026-05-29,601318,14:56:08,53.4200,168,1
2026-05-29,601318,14:56:11,53.4000,311,2
2026-05-29,601318,14:56:14,53.4200,198,1
2026-05-29,601318,14:56:17,53.4000,127,1
2026-05-29,601318,14:56:20,53.4000,109,1
2026-05-29,601318,14:56:23,53.4100,52,1
2026-05-29,601318,14:56:26,53.4100,683,1
2026-05-29,601318,14:56:29,53.4100,75,1
2026-05-29,601318,14:56:32,53.4100,244,2
2026-05-29,601318,14:56:35,53.4100,101,2
2026-05-29,601318,14:56:38,53.4100,246,1
2026-05-29,601318,14:56:41,53.4200,176,1
2026-05-29,601318,14:56:44,53.4500,1031,1
2026-05-29,601318,14:56:47,53.4700,282,1
2026-05-29,601318,14:56:50,53.4700,382,1
2026-05-29,601318,14:56:53,53.4800,156,1
2026-05-29,601318,14:56:56,53.4700,184,2
2026-05-29,601318,14:56:59,53.4900,227,1
2026-05-29,601318,14:57:02,53.4700,41,2
2026-05-29,601318,15:00:02,53.5000,42963,4
2026-05-29,601318,13:16:50,53.1100,667,1
2026-05-29,601318,13:16:53,53.1000,819,2
2026-05-29,601318,13:16:56,53.1000,63,1
2026-05-29,601318,13:16:59,53.1000,104,1
2026-05-29,601318,13:17:02,53.0900,68,2
2026-05-29,601318,13:17:05,53.1000,583,1
2026-05-29,601318,13:17:08,53.1000,87,2
2026-05-29,601318,13:17:11,53.1000,241,2
2026-05-29,601318,13:17:14,53.1000,307,2
2026-05-29,601318,13:17:17,53.0900,132,2
2026-05-29,601318,13:17:20,53.1100,168,1
2026-05-29,601318,13:17:23,53.1000,227,2
2026-05-29,601318,13:17:26,53.1000,287,2
2026-05-29,601318,13:17:29,53.1000,27,1
2026-05-29,601318,13:17:32,53.0900,138,2
2026-05-29,601318,13:17:35,53.1000,289,1
2026-05-29,601318,13:17:38,53.0900,126,2
2026-05-29,601318,13:17:41,53.1000,129,1
2026-05-29,601318,13:17:44,53.1000,285,1
2026-05-29,601318,13:17:47,53.0900,49,2
2026-05-29,601318,13:17:50,53.0900,116,2
2026-05-29,601318,13:17:53,53.1000,110,1
2026-05-29,601318,13:17:56,53.1000,133,1
2026-05-29,601318,13:17:59,53.0800,170,2
2026-05-29,601318,13:18:02,53.0900,11,2
2026-05-29,601318,13:18:05,53.0900,43,2
2026-05-29,601318,13:18:08,53.1100,285,1
2026-05-29,601318,13:18:11,53.0900,216,2
2026-05-29,601318,13:18:14,53.0800,261,2
2026-05-29,601318,13:18:17,53.1200,45,1
2026-05-29,601318,13:18:20,53.0900,111,2
2026-05-29,601318,13:18:23,53.0900,151,2
2026-05-29,601318,13:18:26,53.1000,33,1
2026-05-29,601318,13:18:29,53.1000,45,2
2026-05-29,601318,13:18:32,53.1200,45,1
2026-05-29,601318,13:18:35,53.1100,44,4
2026-05-29,601318,13:18:38,53.1000,71,2
2026-05-29,601318,13:18:41,53.1000,65,2
2026-05-29,601318,13:18:44,53.1100,7,1
2026-05-29,601318,13:18:47,53.1000,138,2
2026-05-29,601318,13:18:50,53.1100,69,1
2026-05-29,601318,13:18:53,53.1000,137,2
2026-05-29,601318,13:18:56,53.1100,53,1
2026-05-29,601318,13:18:59,53.1100,84,2
2026-05-29,601318,13:19:02,53.1300,136,1
2026-05-29,601318,13:19:05,53.1200,49,1
2026-05-29,601318,13:19:08,53.1100,144,2
2026-05-29,601318,13:19:11,53.1100,222,2
2026-05-29,601318,13:19:14,53.1100,90,2
2026-05-29,601318,13:19:17,53.1200,2,2
2026-05-29,601318,13:19:20,53.1300,24,4
2026-05-29,601318,13:19:23,53.1300,48,2
2026-05-29,601318,13:19:26,53.1400,11,1
2026-05-29,601318,13:19:29,53.1400,80,1
2026-05-29,601318,13:19:32,53.1300,47,2
2026-05-29,601318,13:19:35,53.1400,28,1
2026-05-29,601318,13:19:38,53.1400,52,1
2026-05-29,601318,13:19:41,53.1400,2,4
2026-05-29,601318,13:19:44,53.1500,80,1
2026-05-29,601318,13:19:47,53.1500,68,1
2026-05-29,601318,13:19:50,53.1400,252,2
2026-05-29,601318,13:19:53,53.1600,69,1
2026-05-29,601318,13:19:56,53.1500,64,2
2026-05-29,601318,13:19:59,53.1600,26,1
2026-05-29,601318,13:20:02,53.1500,44,2
2026-05-29,601318,13:20:05,53.1700,184,1
2026-05-29,601318,13:20:08,53.1800,63,1
2026-05-29,601318,13:20:11,53.1700,56,4
2026-05-29,601318,13:20:14,53.1900,135,1
2026-05-29,601318,13:20:17,53.1800,28,1
2026-05-29,601318,13:20:20,53.1800,19,1
2026-05-29,601318,13:20:23,53.1700,233,2
2026-05-29,601318,13:20:26,53.1800,95,2
2026-05-29,601318,13:20:29,53.1900,57,1
2026-05-29,601318,13:20:32,53.2000,21,1
2026-05-29,601318,13:20:35,53.2100,149,1
2026-05-29,601318,13:20:38,53.2000,17,2
2026-05-29,601318,13:20:41,53.2200,156,1
2026-05-29,601318,13:20:44,53.2100,79,1
2026-05-29,601318,13:20:47,53.2200,98,1
2026-05-29,601318,13:20:50,53.2200,27,1
2026-05-29,601318,13:20:53,53.2200,76,1
2026-05-29,601318,13:20:56,53.2100,76,1
2026-05-29,601318,13:20:59,53.2000,201,2
2026-05-29,601318,13:21:02,53.2100,89,1
2026-05-29,601318,13:21:05,53.2200,80,1
2026-05-29,601318,13:21:08,53.2400,62,1
2026-05-29,601318,13:21:11,53.2300,46,2
2026-05-29,601318,13:21:14,53.2500,159,1
2026-05-29,601318,13:21:20,53.2500,28,2
2026-05-29,601318,13:21:23,53.2600,93,2
2026-05-29,601318,13:21:26,53.2500,21,2
2026-05-29,601318,13:21:29,53.2600,157,1
2026-05-29,601318,13:21:32,53.2900,146,1
2026-05-29,601318,13:21:35,53.2800,61,2
2026-05-29,601318,13:21:38,53.3000,42,1
2026-05-29,601318,13:21:41,53.3000,41,1
2026-05-29,601318,13:21:44,53.2800,139,2
2026-05-29,601318,13:21:47,53.2600,74,2
2026-05-29,601318,13:21:50,53.2700,35,1
2026-05-29,601318,13:21:53,53.2600,1031,2
2026-05-29,601318,13:21:56,53.2700,163,1
2026-05-29,601318,13:21:59,53.2700,45,1
2026-05-29,601318,13:22:02,53.2600,184,2
2026-05-29,601318,13:22:05,53.2700,65,1
2026-05-29,601318,13:22:08,53.2700,51,2
2026-05-29,601318,13:22:11,53.2900,158,1
2026-05-29,601318,13:22:14,53.2900,69,2
2026-05-29,601318,13:22:17,53.3000,66,1
2026-05-29,601318,13:22:20,53.3000,204,1
2026-05-29,601318,13:22:23,53.2900,30,2
2026-05-29,601318,13:22:26,53.3100,103,1
2026-05-29,601318,13:22:29,53.3300,257,1
2026-05-29,601318,13:22:32,53.3500,143,1
2026-05-29,601318,13:22:35,53.3500,37,1
2026-05-29,601318,13:22:38,53.3700,195,1
2026-05-29,601318,13:22:41,53.3400,297,2
2026-05-29,601318,13:22:44,53.3500,813,2
2026-05-29,601318,13:22:47,53.3500,18,2
2026-05-29,601318,13:22:50,53.3500,71,2
2026-05-29,601318,13:22:53,53.3700,28,1
2026-05-29,601318,13:22:56,53.3700,69,1
2026-05-29,601318,13:22:59,53.3700,240,2
2026-05-29,601318,13:23:02,53.3700,20,2
2026-05-29,601318,13:23:05,53.3700,101,1
2026-05-29,601318,13:23:08,53.3700,13,2
2026-05-29,601318,13:23:11,53.3800,102,1
2026-05-29,601318,13:23:14,53.3800,56,2
2026-05-29,601318,13:23:17,53.3900,46,1
2026-05-29,601318,13:23:20,53.3800,11,1
2026-05-29,601318,13:23:23,53.3900,114,1
2026-05-29,601318,13:23:26,53.3900,1090,2
2026-05-29,601318,13:23:29,53.3800,28,1
2026-05-29,601318,13:23:32,53.3800,27,1
2026-05-29,601318,13:23:35,53.3900,660,1
2026-05-29,601318,13:23:38,53.4000,287,1
2026-05-29,601318,13:23:41,53.4100,974,1
2026-05-29,601318,13:23:44,53.4100,285,2
2026-05-29,601318,13:23:47,53.4100,14,2
2026-05-29,601318,13:23:50,53.4100,357,2
2026-05-29,601318,13:23:53,53.3700,691,2
2026-05-29,601318,13:23:56,53.3700,28,1
2026-05-29,601318,13:23:59,53.3700,1,1
2026-05-29,601318,13:24:02,53.3700,31,1
2026-05-29,601318,13:24:05,53.3600,33,2
2026-05-29,601318,13:24:08,53.3600,154,2
2026-05-29,601318,13:24:11,53.3500,66,2
2026-05-29,601318,13:24:14,53.3500,61,2
2026-05-29,601318,13:24:17,53.3500,14,1
2026-05-29,601318,13:24:20,53.3400,38,2
2026-05-29,601318,13:24:23,53.3300,68,2
2026-05-29,601318,13:24:26,53.3300,12,2
2026-05-29,601318,13:24:29,53.3300,6,1
2026-05-29,601318,13:24:32,53.3300,7,1
2026-05-29,601318,13:24:35,53.3300,33,2
2026-05-29,601318,13:24:38,53.3300,26,1
2026-05-29,601318,13:24:41,53.3300,80,1
2026-05-29,601318,13:24:44,53.3300,100,2
2026-05-29,601318,13:24:47,53.3300,45,1
2026-05-29,601318,13:24:50,53.3300,30,1
2026-05-29,601318,13:24:53,53.3200,38,2
2026-05-29,601318,13:24:56,53.3200,11,1
2026-05-29,601318,13:24:59,53.3100,85,2
2026-05-29,601318,13:25:02,53.3200,265,1
2026-05-29,601318,13:25:05,53.3200,60,1
2026-05-29,601318,13:25:08,53.3200,258,1
2026-05-29,601318,13:25:11,53.3700,160,1
2026-05-29,601318,13:25:14,53.4000,536,1
2026-05-29,601318,13:25:17,53.3900,121,2
2026-05-29,601318,13:25:20,53.4000,246,1
2026-05-29,601318,13:25:23,53.3900,177,2
2026-05-29,601318,13:25:26,53.3900,113,2
2026-05-29,601318,13:25:29,53.3700,80,2
2026-05-29,601318,13:25:32,53.3700,10,2
2026-05-29,601318,13:25:35,53.3600,5,2
2026-05-29,601318,13:25:38,53.3800,38,1
2026-05-29,601318,13:25:41,53.3800,111,2
2026-05-29,601318,13:25:44,53.3900,221,1
2026-05-29,601318,13:25:47,53.4200,172,1
2026-05-29,601318,13:25:50,53.4200,802,1
2026-05-29,601318,13:25:53,53.4100,62,2
2026-05-29,601318,13:25:56,53.4100,183,2
2026-05-29,601318,13:25:59,53.4100,103,4
2026-05-29,601318,13:26:02,53.4200,138,1
2026-05-29,601318,13:26:05,53.4300,62,1
2026-05-29,601318,13:26:08,53.4400,83,1
2026-05-29,601318,13:26:11,53.4500,207,1
2026-05-29,601318,13:26:14,53.4500,64,1
2026-05-29,601318,13:26:17,53.4700,152,1
2026-05-29,601318,13:26:20,53.4600,69,2
2026-05-29,601318,13:26:23,53.4700,140,2
2026-05-29,601318,13:26:26,53.4700,100,2
2026-05-29,601318,13:26:29,53.4700,178,2
2026-05-29,601318,13:26:32,53.4700,58,1
2026-05-29,601318,13:26:35,53.4700,104,2
2026-05-29,601318,13:26:38,53.4800,115,1
2026-05-29,601318,13:26:41,53.4900,122,1
2026-05-29,601318,13:26:44,53.4800,154,2
2026-05-29,601318,13:26:47,53.5100,2059,1
2026-05-29,601318,13:26:50,53.4800,11,2
2026-05-29,601318,13:26:53,53.4800,35,1
2026-05-29,601318,13:26:56,53.4800,106,1
2026-05-29,601318,13:26:59,53.4700,28,2
2026-05-29,601318,13:27:02,53.4800,39,1
2026-05-29,601318,13:27:05,53.4800,22,1
2026-05-29,601318,13:27:08,53.4700,51,2
2026-05-29,601318,13:27:11,53.4700,139,2
2026-05-29,601318,13:27:14,53.4700,51,2
2026-05-29,601318,13:27:17,53.4600,116,2
2026-05-29,601318,13:27:20,53.4600,34,2
2026-05-29,601318,13:27:23,53.4600,150,2
2026-05-29,601318,13:27:26,53.4700,74,1
2026-05-29,601318,13:27:29,53.4500,50,2
2026-05-29,601318,13:27:32,53.4500,62,2
2026-05-29,601318,13:27:35,53.4500,92,1
2026-05-29,601318,13:27:38,53.4400,137,4
2026-05-29,601318,13:27:41,53.4400,126,1
2026-05-29,601318,13:27:44,53.4800,611,1
2026-05-29,601318,13:27:47,53.5000,332,1
2026-05-29,601318,13:27:50,53.4700,280,2
2026-05-29,601318,13:27:53,53.4700,68,2
2026-05-29,601318,13:27:56,53.4700,23,2
2026-05-29,601318,13:27:59,53.4800,193,1
2026-05-29,601318,13:28:02,53.4900,86,1
2026-05-29,601318,13:28:05,53.4800,49,2
2026-05-29,601318,13:28:08,53.4800,26,1
2026-05-29,601318,13:28:11,53.4900,98,1
2026-05-29,601318,13:28:14,53.4800,34,2
2026-05-29,601318,13:28:17,53.4800,41,2
2026-05-29,601318,13:28:20,53.4800,16,1
2026-05-29,601318,13:28:23,53.4700,29,2
2026-05-29,601318,13:28:26,53.4800,108,1
2026-05-29,601318,13:28:29,53.4800,223,2
2026-05-29,601318,13:28:32,53.4800,261,2
2026-05-29,601318,13:28:35,53.4900,117,2
2026-05-29,601318,13:28:38,53.5000,231,1
2026-05-29,601318,13:28:41,53.5100,118,1
2026-05-29,601318,13:28:44,53.5000,80,4
2026-05-29,601318,13:28:47,53.5000,196,2
2026-05-29,601318,13:28:50,53.5000,119,2
2026-05-29,601318,13:28:53,53.5100,90,1
2026-05-29,601318,13:28:56,53.5000,67,2
2026-05-29,601318,13:28:59,53.5000,152,1
2026-05-29,601318,13:29:02,53.5000,81,1
2026-05-29,601318,13:29:05,53.4900,56,2
2026-05-29,601318,13:29:08,53.4800,37,2
2026-05-29,601318,13:29:11,53.4800,37,2
2026-05-29,601318,13:29:14,53.5000,178,1
2026-05-29,601318,13:29:17,53.4900,30,2
2026-05-29,601318,13:29:20,53.4900,66,2
2026-05-29,601318,13:29:23,53.4900,27,2
2026-05-29,601318,13:29:26,53.4900,76,1
2026-05-29,601318,13:29:32,53.4900,22,1
2026-05-29,601318,13:29:35,53.4800,158,2
2026-05-29,601318,13:29:38,53.4800,3,1
2026-05-29,601318,13:29:41,53.4700,427,2
2026-05-29,601318,13:29:44,53.4700,107,1
2026-05-29,601318,13:29:47,53.4700,137,1
2026-05-29,601318,13:29:50,53.4800,65,1
2026-05-29,601318,13:29:53,53.4700,12,2
2026-05-29,601318,13:29:56,53.4700,539,1
2026-05-29,601318,13:29:59,53.4700,54,2
2026-05-29,601318,13:30:02,53.4700,20,1
2026-05-29,601318,13:30:05,53.4700,115,1
2026-05-29,601318,13:30:08,53.4600,52,2
2026-05-29,601318,13:30:11,53.5000,855,1
2026-05-29,601318,13:30:14,53.4600,295,2
2026-05-29,601318,13:30:17,53.4700,31,1
2026-05-29,601318,13:30:20,53.4600,87,2
2026-05-29,601318,13:30:23,53.4700,87,2
2026-05-29,601318,13:30:26,53.4900,64,1
2026-05-29,601318,13:30:29,53.4900,144,1
2026-05-29,601318,13:30:32,53.5000,211,1
2026-05-29,601318,13:30:35,53.4900,4,2
2026-05-29,601318,13:30:38,53.4900,137,2
2026-05-29,601318,13:30:41,53.4900,44,2
2026-05-29,601318,13:30:44,53.4900,94,2
2026-05-29,601318,13:30:47,53.5000,101,1
2026-05-29,601318,13:30:50,53.5100,460,1
2026-05-29,601318,13:30:53,53.5000,267,2
2026-05-29,601318,13:30:56,53.5000,586,2
2026-05-29,601318,13:30:59,53.5200,440,1
2026-05-29,601318,13:31:02,53.5100,240,2
2026-05-29,601318,13:31:05,53.5000,107,2
2026-05-29,601318,13:31:08,53.5100,53,1
2026-05-29,601318,13:31:11,53.5000,162,2
2026-05-29,601318,13:31:14,53.5100,62,1
2026-05-29,601318,13:31:17,53.5000,117,1
2026-05-29,601318,13:31:20,53.4900,21,2
2026-05-29,601318,13:31:23,53.5000,122,1
2026-05-29,601318,13:31:26,53.5000,23,2
2026-05-29,601318,13:31:29,53.5000,245,2
2026-05-29,601318,13:31:32,53.5000,135,2
2026-05-29,601318,13:31:35,53.5000,119,2
2026-05-29,601318,13:31:38,53.5100,284,1
2026-05-29,601318,13:31:41,53.5100,122,1
2026-05-29,601318,13:31:44,53.5000,257,2
2026-05-29,601318,13:31:47,53.5000,391,2
2026-05-29,601318,13:31:50,53.5000,79,2
2026-05-29,601318,13:31:53,53.5000,31,1
2026-05-29,601318,13:31:56,53.4900,137,2
2026-05-29,601318,13:31:59,53.4900,24,2
2026-05-29,601318,13:32:02,53.4900,72,2
2026-05-29,601318,13:32:05,53.4800,29,2
2026-05-29,601318,13:32:08,53.4600,111,2
2026-05-29,601318,13:32:11,53.4600,174,2
2026-05-29,601318,13:32:14,53.4600,169,2
2026-05-29,601318,13:32:17,53.4600,60,2
2026-05-29,601318,13:32:20,53.4600,71,1
2026-05-29,601318,13:32:23,53.4600,310,1
2026-05-29,601318,13:32:26,53.4600,337,1
2026-05-29,601318,13:32:29,53.4700,92,1
2026-05-29,601318,13:32:32,53.4700,39,2
2026-05-29,601318,13:32:35,53.4600,96,2
2026-05-29,601318,13:32:38,53.4600,12,1
2026-05-29,601318,13:32:41,53.4500,40,2
2026-05-29,601318,13:32:44,53.4400,23,2
2026-05-29,601318,13:32:47,53.4400,36,2
2026-05-29,601318,13:32:50,53.4300,57,2
2026-05-29,601318,13:32:53,53.4300,26,1
2026-05-29,601318,13:32:56,53.4200,144,2
2026-05-29,601318,13:32:59,53.4200,41,2
2026-05-29,601318,13:33:02,53.4200,90,2
2026-05-29,601318,13:33:05,53.4100,54,2
2026-05-29,601318,13:33:08,53.4000,128,2
2026-05-29,601318,13:33:11,53.4200,429,1
2026-05-29,601318,13:33:14,53.4500,497,1
2026-05-29,601318,13:33:17,53.4500,423,1
2026-05-29,601318,13:33:20,53.4400,85,2
2026-05-29,601318,13:33:23,53.4400,28,1
2026-05-29,601318,13:33:26,53.4500,22,4
2026-05-29,601318,13:33:29,53.4500,102,2
2026-05-29,601318,13:33:32,53.4500,63,2
2026-05-29,601318,13:33:35,53.4600,145,1
2026-05-29,601318,13:33:38,53.4500,22,2
2026-05-29,601318,13:33:41,53.4800,132,1
2026-05-29,601318,13:33:44,53.4800,19,1
2026-05-29,601318,13:33:47,53.4800,126,1
2026-05-29,601318,13:33:50,53.4900,194,1
2026-05-29,601318,13:33:53,53.4900,117,1
2026-05-29,601318,13:33:56,53.5000,404,1
2026-05-29,601318,13:33:59,53.5100,102,1
2026-05-29,601318,13:34:02,53.5200,1263,1
2026-05-29,601318,13:34:05,53.5200,1065,2
2026-05-29,601318,13:34:08,53.5100,42,2
2026-05-29,601318,13:34:11,53.5200,251,1
2026-05-29,601318,13:34:14,53.5400,350,1
2026-05-29,601318,13:34:17,53.5400,128,1
2026-05-29,601318,13:34:20,53.5400,23,1
2026-05-29,601318,13:34:23,53.5400,159,1
2026-05-29,601318,13:34:26,53.5300,118,2
2026-05-29,601318,13:34:29,53.5400,31,1
2026-05-29,601318,13:34:32,53.5300,85,2
2026-05-29,601318,13:34:35,53.5300,155,2
2026-05-29,601318,13:34:38,53.5400,204,1
2026-05-29,601318,13:34:41,53.5300,55,2
2026-05-29,601318,13:34:44,53.5300,55,1
2026-05-29,601318,13:34:47,53.5300,40,1
2026-05-29,601318,13:34:50,53.5200,67,2
2026-05-29,601318,13:34:53,53.5200,50,2
2026-05-29,601318,13:34:56,53.5300,213,1
2026-05-29,601318,13:34:59,53.5100,81,2
2026-05-29,601318,13:35:02,53.5200,272,1
2026-05-29,601318,13:35:05,53.5200,340,2
2026-05-29,601318,13:35:08,53.4800,133,2
2026-05-29,601318,13:35:11,53.5100,206,1
2026-05-29,601318,13:35:14,53.4700,62,2
2026-05-29,601318,13:35:17,53.4800,35,2
2026-05-29,601318,13:35:20,53.4800,41,2
2026-05-29,601318,13:35:23,53.4800,29,1
2026-05-29,601318,13:35:26,53.4800,97,1
2026-05-29,601318,13:35:29,53.4700,33,4
2026-05-29,601318,13:35:32,53.4600,78,2
2026-05-29,601318,13:35:35,53.4600,29,2
2026-05-29,601318,13:35:38,53.4500,47,2
2026-05-29,601318,13:35:41,53.4500,18,2
2026-05-29,601318,13:35:44,53.4500,88,1
2026-05-29,601318,13:35:47,53.4400,570,2
2026-05-29,601318,13:35:50,53.4600,87,1
2026-05-29,601318,13:35:53,53.4700,183,1
2026-05-29,601318,13:35:56,53.4900,152,1
2026-05-29,601318,13:35:59,53.5000,49,1
2026-05-29,601318,13:36:02,53.4800,129,2
2026-05-29,601318,13:36:05,53.4900,36,4
2026-05-29,601318,13:36:08,53.4800,21,2
2026-05-29,601318,13:36:11,53.4800,10,2
2026-05-29,601318,13:36:14,53.4800,101,1
2026-05-29,601318,13:36:17,53.4800,52,1
2026-05-29,601318,13:36:20,53.4700,21,2
2026-05-29,601318,13:36:23,53.4800,114,1
2026-05-29,601318,13:36:26,53.4700,42,2
2026-05-29,601318,13:36:29,53.4800,241,1
2026-05-29,601318,13:36:32,53.5000,474,1
2026-05-29,601318,13:36:35,53.5100,147,1
2026-05-29,601318,13:36:38,53.4900,213,2
2026-05-29,601318,13:36:41,53.5000,56,1
2026-05-29,601318,13:36:44,53.4900,78,2
2026-05-29,601318,13:36:47,53.5000,205,1
2026-05-29,601318,13:36:50,53.4900,19,4
2026-05-29,601318,13:36:53,53.5000,52,1
2026-05-29,601318,13:36:56,53.4800,74,2
2026-05-29,601318,13:36:59,53.4800,21,1
2026-05-29,601318,13:37:02,53.4800,76,1
2026-05-29,601318,13:37:05,53.5000,370,1
2026-05-29,601318,13:37:08,53.5000,175,2
2026-05-29,601318,13:37:11,53.5100,331,1
2026-05-29,601318,13:37:14,53.5100,40,2
2026-05-29,601318,13:37:17,53.5100,58,2
2026-05-29,601318,13:37:20,53.5200,302,1
2026-05-29,601318,13:37:23,53.5200,244,2
2026-05-29,601318,13:37:26,53.5100,73,2
2026-05-29,601318,13:37:29,53.5000,34,2
2026-05-29,601318,13:37:32,53.5100,130,1
2026-05-29,601318,13:37:35,53.4600,137,2
2026-05-29,601318,13:37:38,53.4600,126,2
2026-05-29,601318,13:37:41,53.4500,23,4
2026-05-29,601318,13:37:44,53.4600,22,1
2026-05-29,601318,13:37:47,53.4400,35,2
2026-05-29,601318,13:37:50,53.4400,35,2
2026-05-29,601318,13:37:53,53.4400,117,2
2026-05-29,601318,13:37:56,53.4400,121,2
2026-05-29,601318,13:37:59,53.4300,19,2
2026-05-29,601318,13:38:02,53.4300,6,1
2026-05-29,601318,13:38:05,53.4200,167,2
2026-05-29,601318,13:38:08,53.4200,67,2
2026-05-29,601318,13:38:11,53.4200,176,2
2026-05-29,601318,13:38:14,53.4200,34,1
2026-05-29,601318,13:38:17,53.4200,271,1
2026-05-29,601318,13:38:20,53.4100,17,2
2026-05-29,601318,13:38:23,53.4100,31,2
2026-05-29,601318,13:38:26,53.4100,41,1
2026-05-29,601318,13:38:29,53.4000,8,2
2026-05-29,601318,13:38:32,53.4000,183,2
2026-05-29,601318,13:38:35,53.4000,75,2
2026-05-29,601318,13:38:38,53.4000,492,2
2026-05-29,601318,13:38:41,53.4100,176,4
2026-05-29,601318,13:38:44,53.4200,50,1
2026-05-29,601318,13:38:47,53.4200,279,1
2026-05-29,601318,13:38:50,53.4100,202,2
2026-05-29,601318,13:38:53,53.4100,138,1
2026-05-29,601318,13:38:56,53.4100,78,1
2026-05-29,601318,13:38:59,53.4200,11,1
2026-05-29,601318,13:39:02,53.4100,36,2
2026-05-29,601318,13:39:05,53.4100,27,2
2026-05-29,601318,13:39:08,53.4200,51,1
2026-05-29,601318,13:39:11,53.4100,38,2
2026-05-29,601318,13:39:14,53.4100,21,2
2026-05-29,601318,13:39:17,53.4100,84,1
2026-05-29,601318,13:39:20,53.4200,92,1
2026-05-29,601318,13:39:23,53.4400,536,1
2026-05-29,601318,13:39:26,53.4100,419,2
2026-05-29,601318,13:39:29,53.4100,38,2
2026-05-29,601318,13:39:32,53.4100,209,2
2026-05-29,601318,13:39:35,53.4100,37,2
2026-05-29,601318,13:39:38,53.4000,129,2
2026-05-29,601318,13:39:41,53.4000,83,2
2026-05-29,601318,13:39:44,53.4000,153,2
2026-05-29,601318,13:39:47,53.4000,82,1
2026-05-29,601318,13:39:50,53.4000,53,1
2026-05-29,601318,13:39:53,53.4000,15,1
2026-05-29,601318,13:39:56,53.3900,164,2
2026-05-29,601318,13:39:59,53.3800,11,2
2026-05-29,601318,13:40:02,53.3900,75,1
2026-05-29,601318,13:40:05,53.3900,3,1
2026-05-29,601318,13:40:08,53.3900,61,1
2026-05-29,601318,13:40:11,53.3800,150,2
2026-05-29,601318,13:40:14,53.3800,81,1
2026-05-29,601318,13:40:17,53.3700,304,2
2026-05-29,601318,13:40:20,53.3600,220,2
2026-05-29,601318,13:40:23,53.3600,91,2
2026-05-29,601318,13:40:26,53.3800,294,1
2026-05-29,601318,13:40:29,53.3800,133,1
2026-05-29,601318,13:40:32,53.3700,81,2
2026-05-29,601318,13:40:35,53.3800,81,1
2026-05-29,601318,13:40:38,53.3900,79,1
2026-05-29,601318,13:40:41,53.3800,103,2
2026-05-29,601318,13:40:44,53.3800,58,2
2026-05-29,601318,13:40:47,53.3800,6,1
2026-05-29,601318,13:40:50,53.3800,113,1
2026-05-29,601318,13:40:53,53.3800,44,1
2026-05-29,601318,13:40:56,53.3700,82,2
2026-05-29,601318,13:40:59,53.3700,3,1
2026-05-29,601318,13:41:02,53.3600,112,2
2026-05-29,601318,13:41:05,53.3600,1,2
2026-05-29,601318,13:41:08,53.3500,190,2
2026-05-29,601318,13:41:11,53.3500,71,2
2026-05-29,601318,13:41:14,53.3600,11,1
2026-05-29,601318,13:41:17,53.3500,121,2
2026-05-29,601318,13:41:20,53.3400,46,2
2026-05-29,601318,13:41:23,53.3400,70,2
2026-05-29,601318,13:41:26,53.3400,26,2
2026-05-29,601318,13:41:29,53.3300,17,2
2026-05-29,601318,13:41:32,53.3300,88,2
2026-05-29,601318,13:41:35,53.3400,11,1
2026-05-29,601318,13:41:38,53.3300,95,2
2026-05-29,601318,13:41:41,53.3400,195,1
2026-05-29,601318,13:41:44,53.3300,212,2
2026-05-29,601318,13:41:47,53.3300,109,2
2026-05-29,601318,13:41:50,53.3200,75,2
2026-05-29,601318,13:41:53,53.3300,142,1
2026-05-29,601318,13:41:56,53.3200,155,2
2026-05-29,601318,13:41:59,53.3300,75,1
2026-05-29,601318,13:42:02,53.3300,156,1
2026-05-29,601318,13:42:05,53.3200,97,2
2026-05-29,601318,13:42:08,53.3200,69,1
2026-05-29,601318,13:42:11,53.3200,1110,1
2026-05-29,601318,13:42:14,53.3300,144,1
2026-05-29,601318,13:42:17,53.3400,588,1
2026-05-29,601318,13:42:20,53.3400,36,1
2026-05-29,601318,13:42:23,53.3300,205,2
2026-05-29,601318,13:42:26,53.3300,253,2
2026-05-29,601318,13:42:29,53.3300,17,1
2026-05-29,601318,13:42:32,53.3200,184,2
2026-05-29,601318,13:42:35,53.3200,58,2
2026-05-29,601318,13:42:38,53.3300,227,1
2026-05-29,601318,13:42:41,53.3300,144,1
2026-05-29,601318,13:42:44,53.3200,113,2
2026-05-29,601318,13:42:47,53.3300,116,1
2026-05-29,601318,13:42:50,53.3300,32,1
2026-05-29,601318,13:42:53,53.3200,27,2
2026-05-29,601318,13:42:56,53.3200,114,2
2026-05-29,601318,13:42:59,53.3300,32,1
2026-05-29,601318,13:43:02,53.3200,125,2
2026-05-29,601318,13:43:05,53.3200,73,2
2026-05-29,601318,13:43:08,53.3300,75,2
2026-05-29,601318,13:43:11,53.3200,32,2
2026-05-29,601318,13:43:14,53.3200,36,2
2026-05-29,601318,13:43:17,53.3200,44,1
2026-05-29,601318,13:43:20,53.3200,9,1
2026-05-29,601318,13:43:23,53.3200,133,1
2026-05-29,601318,13:43:26,53.3100,170,2
2026-05-29,601318,13:43:29,53.3100,28,1
2026-05-29,601318,13:43:32,53.3000,497,2
2026-05-29,601318,13:43:35,53.3000,79,2
2026-05-29,601318,13:43:38,53.2900,555,2
2026-05-29,601318,13:43:41,53.2900,10,1
2026-05-29,601318,13:43:44,53.2700,84,2
2026-05-29,601318,13:43:47,53.2700,112,2
2026-05-29,601318,13:43:50,53.2800,419,1
2026-05-29,601318,13:43:53,53.2800,70,2
2026-05-29,601318,13:43:56,53.2800,70,2
2026-05-29,601318,13:43:59,53.2900,87,1
2026-05-29,601318,13:44:02,53.2800,42,2
2026-05-29,601318,13:44:05,53.2900,100,1
2026-05-29,601318,13:44:08,53.2900,303,2
2026-05-29,601318,13:44:11,53.2900,53,2
2026-05-29,601318,13:44:14,53.2900,30,2
2026-05-29,601318,13:44:17,53.2900,75,2
2026-05-29,601318,13:44:20,53.3000,48,1
2026-05-29,601318,13:44:23,53.3000,136,1
2026-05-29,601318,13:44:26,53.2900,262,2
2026-05-29,601318,13:44:29,53.3000,3,4
2026-05-29,601318,13:44:32,53.2900,156,2
2026-05-29,601318,13:44:38,53.3000,165,1
2026-05-29,601318,13:44:41,53.3100,151,1
2026-05-29,601318,13:44:44,53.3000,82,4
2026-05-29,601318,13:44:47,53.3000,202,2
2026-05-29,601318,13:44:50,53.3000,35,2
2026-05-29,601318,13:44:53,53.3000,23,2
2026-05-29,601318,13:44:56,53.3000,25,2
2026-05-29,601318,13:44:59,53.3100,6,1
2026-05-29,601318,13:45:02,53.3000,93,2
2026-05-29,601318,13:45:05,53.3100,2,1
2026-05-29,601318,13:45:08,53.3100,206,1
2026-05-29,601318,13:45:11,53.3000,51,2
2026-05-29,601318,13:45:14,53.3100,13,1
2026-05-29,601318,13:45:17,53.3000,196,2
2026-05-29,601318,13:45:20,53.3000,22,1
2026-05-29,601318,13:45:23,53.2900,81,2
2026-05-29,601318,13:45:26,53.3000,124,1
2026-05-29,601318,13:45:29,53.3000,53,2
2026-05-29,601318,13:45:32,53.3000,40,2
2026-05-29,601318,13:45:35,53.2900,549,2
2026-05-29,601318,13:45:38,53.3000,338,1
2026-05-29,601318,13:45:41,53.2900,46,2
2026-05-29,601318,13:45:44,53.2800,283,2
2026-05-29,601318,13:45:47,53.2900,159,2
2026-05-29,601318,13:45:50,53.3000,23,1
2026-05-29,601318,13:45:53,53.3100,1272,1
2026-05-29,601318,13:45:56,53.3100,58,1
2026-05-29,601318,13:45:59,53.3200,94,1
2026-05-29,601318,13:46:02,53.3300,59,1
2026-05-29,601318,13:46:05,53.3500,409,1
2026-05-29,601318,13:46:08,53.3600,192,1
2026-05-29,601318,13:46:11,53.3800,62,1
2026-05-29,601318,13:46:14,53.3600,287,2
2026-05-29,601318,13:46:17,53.3600,20,2
2026-05-29,601318,13:46:20,53.3600,194,1
2026-05-29,601318,13:46:23,53.3800,153,1
2026-05-29,601318,13:46:26,53.3500,101,2
2026-05-29,601318,13:46:29,53.3600,1153,2
2026-05-29,601318,13:46:32,53.3600,31,2
2026-05-29,601318,13:46:35,53.3800,38,1
2026-05-29,601318,13:46:38,53.3700,23,2
2026-05-29,601318,13:46:41,53.3900,79,1
2026-05-29,601318,13:46:44,53.3900,95,2
2026-05-29,601318,13:46:47,53.3800,23,2
2026-05-29,601318,13:46:50,53.3800,58,2
2026-05-29,601318,13:46:53,53.3800,10,2
2026-05-29,601318,13:46:56,53.3800,39,2
2026-05-29,601318,13:46:59,53.3900,24,1
2026-05-29,601318,13:47:02,53.3900,13,1
2026-05-29,601318,13:47:05,53.3900,40,1
2026-05-29,601318,13:47:08,53.3800,70,2
2026-05-29,601318,13:47:11,53.3900,138,1
2026-05-29,601318,13:47:14,53.4000,70,1
2026-05-29,601318,13:47:17,53.4000,67,2
2026-05-29,601318,13:47:20,53.4000,80,1
2026-05-29,601318,13:47:23,53.3900,50,2
2026-05-29,601318,13:47:26,53.4000,23,2
2026-05-29,601318,13:47:29,53.4000,71,1
2026-05-29,601318,13:47:32,53.4000,17,2
2026-05-29,601318,13:47:35,53.4100,45,1
2026-05-29,601318,13:47:38,53.4300,154,1
2026-05-29,601318,13:47:41,53.4200,119,2
2026-05-29,601318,13:47:44,53.4200,209,2
2026-05-29,601318,13:47:47,53.4300,22,2
2026-05-29,601318,13:47:50,53.4300,7,2
2026-05-29,601318,13:47:53,53.4400,31,1
2026-05-29,601318,13:47:56,53.4500,19,1
2026-05-29,601318,13:47:59,53.4500,30,1
2026-05-29,601318,13:48:02,53.4500,56,1
2026-05-29,601318,13:48:05,53.4600,60,1
2026-05-29,601318,13:48:08,53.4500,141,2
2026-05-29,601318,13:48:11,53.5000,453,1
2026-05-29,601318,13:48:14,53.5200,788,1
2026-05-29,601318,13:48:17,53.5100,209,4
2026-05-29,601318,13:48:20,53.5200,80,1
2026-05-29,601318,13:48:23,53.5200,67,1
2026-05-29,601318,13:48:26,53.5200,144,2
2026-05-29,601318,13:48:29,53.5200,50,2
2026-05-29,601318,13:48:32,53.5200,188,1
2026-05-29,601318,13:48:35,53.5100,77,2
2026-05-29,601318,13:48:38,53.5200,67,2
2026-05-29,601318,13:48:41,53.5100,128,2
2026-05-29,601318,13:48:44,53.5200,69,1
2026-05-29,601318,13:48:47,53.5100,79,2
2026-05-29,601318,13:48:50,53.5300,93,1
2026-05-29,601318,13:48:53,53.5300,72,1
2026-05-29,601318,13:48:56,53.5300,28,1
2026-05-29,601318,13:48:59,53.5100,68,2
2026-05-29,601318,13:49:02,53.5200,84,1
2026-05-29,601318,13:49:05,53.5200,27,1
2026-05-29,601318,13:49:08,53.5100,213,2
2026-05-29,601318,13:49:11,53.5400,2299,1
2026-05-29,601318,13:49:14,53.5500,675,1
2026-05-29,601318,13:49:17,53.5500,139,2
2026-05-29,601318,13:49:20,53.5500,72,2
2026-05-29,601318,13:49:23,53.5500,65,2
2026-05-29,601318,13:49:26,53.5500,55,1
2026-05-29,601318,13:49:29,53.5500,241,1
2026-05-29,601318,13:49:32,53.5400,47,2
2026-05-29,601318,13:49:35,53.5400,80,2
2026-05-29,601318,13:49:38,53.5400,106,1
2026-05-29,601318,13:49:41,53.5400,18,2
2026-05-29,601318,13:49:44,53.5500,121,1
2026-05-29,601318,13:49:47,53.5400,114,2
2026-05-29,601318,13:49:50,53.5400,10,1
2026-05-29,601318,13:49:53,53.5300,81,2
2026-05-29,601318,13:49:56,53.5200,278,2
2026-05-29,601318,13:49:59,53.5300,31,1
2026-05-29,601318,13:50:02,53.5200,170,2
2026-05-29,601318,13:50:05,53.5200,3,2
2026-05-29,601318,13:50:08,53.5300,488,1
2026-05-29,601318,13:50:11,53.5200,25,1
2026-05-29,601318,13:50:14,53.5200,65,1
2026-05-29,601318,13:50:17,53.5100,812,2
2026-05-29,601318,13:50:20,53.5000,5,2
2026-05-29,601318,13:50:23,53.5100,8,1
2026-05-29,601318,13:50:26,53.5000,40,1
2026-05-29,601318,13:50:29,53.4900,4,4
2026-05-29,601318,13:50:32,53.4800,30,2
2026-05-29,601318,13:50:35,53.4800,8,2
2026-05-29,601318,13:50:38,53.4700,57,2
2026-05-29,601318,13:50:41,53.4700,56,1
2026-05-29,601318,13:50:44,53.4800,212,1
2026-05-29,601318,13:50:47,53.5000,345,1
2026-05-29,601318,13:50:50,53.4900,75,2
2026-05-29,601318,13:50:53,53.5000,41,1
2026-05-29,601318,13:50:56,53.5000,61,1
2026-05-29,601318,13:50:59,53.5000,172,1
2026-05-29,601318,13:51:02,53.4800,48,2
2026-05-29,601318,13:51:05,53.5100,142,1
2026-05-29,601318,13:51:08,53.5000,33,4
2026-05-29,601318,13:51:11,53.5200,123,1
2026-05-29,601318,13:51:14,53.5100,76,2
2026-05-29,601318,13:51:17,53.5000,199,2
2026-05-29,601318,13:51:20,53.5100,90,1
2026-05-29,601318,13:51:23,53.5000,71,2
2026-05-29,601318,13:51:26,53.5000,110,2
2026-05-29,601318,13:51:29,53.4900,65,2
2026-05-29,601318,13:51:32,53.4900,39,1
2026-05-29,601318,13:51:35,53.4900,97,1
2026-05-29,601318,13:51:38,53.4900,85,2
2026-05-29,601318,13:51:41,53.4900,21,1
2026-05-29,601318,13:51:44,53.4900,18,1
2026-05-29,601318,13:51:47,53.4900,66,1
2026-05-29,601318,13:51:50,53.4800,24,2
2026-05-29,601318,13:51:53,53.4800,470,2
2026-05-29,601318,13:51:56,53.4800,49,2
2026-05-29,601318,13:51:59,53.4800,95,1
2026-05-29,601318,13:52:02,53.4800,101,2
2026-05-29,601318,13:52:05,53.4900,43,1
2026-05-29,601318,13:52:08,53.4800,7,2
2026-05-29,601318,13:52:14,53.4700,55,2
2026-05-29,601318,13:52:17,53.4700,48,2
2026-05-29,601318,13:52:20,53.4700,17,1
2026-05-29,601318,13:52:23,53.4600,91,2
2026-05-29,601318,13:52:26,53.4600,194,2
2026-05-29,601318,13:52:29,53.4500,81,2
2026-05-29,601318,13:52:32,53.4500,33,2
2026-05-29,601318,13:52:35,53.4500,404,2
2026-05-29,601318,13:52:38,53.4500,311,2
2026-05-29,601318,13:52:41,53.4500,4,1
2026-05-29,601318,13:52:44,53.4400,6,2
2026-05-29,601318,13:52:47,53.4400,175,2
2026-05-29,601318,13:52:50,53.4300,270,2
2026-05-29,601318,13:52:53,53.4300,36,2
2026-05-29,601318,13:52:56,53.4200,14,4
2026-05-29,601318,13:52:59,53.4300,270,1
2026-05-29,601318,13:53:02,53.4200,34,2
2026-05-29,601318,13:53:05,53.4200,786,2
2026-05-29,601318,13:53:08,53.4100,508,2
2026-05-29,601318,13:53:11,53.4000,413,2
2026-05-29,601318,13:53:14,53.4000,627,2
2026-05-29,601318,13:53:17,53.3900,6,2
2026-05-29,601318,13:53:20,53.3900,22,2
2026-05-29,601318,13:53:23,53.3900,77,2
2026-05-29,601318,13:53:26,53.3900,35,2
2026-05-29,601318,13:53:29,53.3900,382,2
2026-05-29,601318,13:53:32,53.4000,518,1
2026-05-29,601318,13:53:35,53.4100,329,1
2026-05-29,601318,13:53:38,53.4000,177,2
2026-05-29,601318,13:53:41,53.4000,83,1
2026-05-29,601318,13:53:44,53.3800,114,2
2026-05-29,601318,13:53:47,53.3800,37,2
2026-05-29,601318,13:53:50,53.3700,89,2
2026-05-29,601318,13:53:53,53.3800,171,1
2026-05-29,601318,13:53:56,53.3800,186,1
2026-05-29,601318,13:53:59,53.3600,498,2
2026-05-29,601318,13:54:02,53.3600,16,1
2026-05-29,601318,13:54:05,53.3500,125,2
2026-05-29,601318,13:54:08,53.3500,389,2
2026-05-29,601318,13:54:11,53.3400,89,2
2026-05-29,601318,13:54:14,53.3400,89,2
2026-05-29,601318,13:54:17,53.3800,125,1
2026-05-29,601318,13:54:20,53.3400,117,2
2026-05-29,601318,13:54:23,53.3600,67,1
2026-05-29,601318,13:54:26,53.3500,33,2
2026-05-29,601318,13:54:29,53.3500,270,2
2026-05-29,601318,13:54:32,53.3600,11,4
2026-05-29,601318,13:54:35,53.3600,64,1
2026-05-29,601318,13:54:38,53.3500,199,2
2026-05-29,601318,13:54:41,53.3600,31,1
2026-05-29,601318,13:54:44,53.3600,82,1
2026-05-29,601318,13:54:47,53.3500,82,2
2026-05-29,601318,13:54:50,53.3500,20,1
2026-05-29,601318,13:54:53,53.3400,5,2
2026-05-29,601318,13:54:56,53.3400,70,2
2026-05-29,601318,13:54:59,53.3400,62,2
2026-05-29,601318,13:55:02,53.3400,161,1
2026-05-29,601318,13:55:05,53.3600,277,1
2026-05-29,601318,13:55:08,53.3600,290,1
2026-05-29,601318,13:55:11,53.3500,69,2
2026-05-29,601318,13:55:14,53.3800,106,1
2026-05-29,601318,13:55:17,53.3800,46,1
2026-05-29,601318,13:55:20,53.3600,48,2
2026-05-29,601318,13:55:23,53.3500,13,2
2026-05-29,601318,13:55:26,53.3600,58,1
2026-05-29,601318,13:55:29,53.3600,123,1
2026-05-29,601318,13:55:32,53.3600,3,1
2026-05-29,601318,13:55:35,53.3600,66,1
2026-05-29,601318,13:55:38,53.3500,144,2
2026-05-29,601318,13:55:41,53.3600,92,1
2026-05-29,601318,13:55:44,53.3600,66,2
2026-05-29,601318,13:55:47,53.3600,19,2
2026-05-29,601318,13:55:50,53.3600,43,2
2026-05-29,601318,13:55:53,53.3700,23,1
2026-05-29,601318,13:55:56,53.3600,187,2
2026-05-29,601318,13:55:59,53.3600,306,2
2026-05-29,601318,13:56:02,53.3700,60,1
2026-05-29,601318,13:56:05,53.3700,104,2
2026-05-29,601318,13:56:08,53.3700,75,2
2026-05-29,601318,13:56:11,53.3700,30,1
2026-05-29,601318,13:56:14,53.3600,122,2
2026-05-29,601318,13:56:17,53.3600,43,2
2026-05-29,601318,13:56:20,53.3500,118,2
2026-05-29,601318,13:56:23,53.3500,72,2
2026-05-29,601318,13:56:26,53.3600,464,1
2026-05-29,601318,13:56:29,53.3300,113,2
2026-05-29,601318,13:56:32,53.3400,15,1
2026-05-29,601318,13:56:35,53.3300,152,2
2026-05-29,601318,13:56:38,53.3300,122,2
2026-05-29,601318,13:56:41,53.3300,53,1
2026-05-29,601318,13:56:44,53.3200,179,2
2026-05-29,601318,13:56:50,53.3200,258,2
2026-05-29,601318,13:56:53,53.3200,51,2
2026-05-29,601318,13:56:56,53.3300,317,1
2026-05-29,601318,13:56:59,53.3100,646,2
2026-05-29,601318,13:57:02,53.3300,29,4
2026-05-29,601318,13:57:05,53.3100,49,2
2026-05-29,601318,13:57:08,53.3100,358,2
2026-05-29,601318,13:57:11,53.3100,53,2
2026-05-29,601318,13:57:14,53.3100,267,2
2026-05-29,601318,13:57:17,53.3200,120,4
2026-05-29,601318,13:57:20,53.3100,782,2
2026-05-29,601318,13:57:23,53.3200,85,1
2026-05-29,601318,13:57:26,53.3100,38,2
2026-05-29,601318,13:57:29,53.3200,9,4
2026-05-29,601318,13:57:32,53.3100,54,2
2026-05-29,601318,13:57:35,53.3100,117,2
2026-05-29,601318,13:57:38,53.3100,98,2
2026-05-29,601318,13:57:41,53.3200,287,1
2026-05-29,601318,13:57:44,53.3000,1034,2
2026-05-29,601318,13:57:47,53.3200,80,1
2026-05-29,601318,13:57:50,53.3100,1317,4
2026-05-29,601318,13:57:53,53.3100,55,1
2026-05-29,601318,13:57:56,53.3100,243,1
2026-05-29,601318,13:57:59,53.3000,9,1
2026-05-29,601318,13:58:02,53.3000,43,1
2026-05-29,601318,13:58:05,53.3000,205,1
2026-05-29,601318,13:58:08,53.3000,64,2
2026-05-29,601318,13:58:11,53.3000,171,2
2026-05-29,601318,13:58:14,53.3000,253,2
2026-05-29,601318,13:58:17,53.3000,22,2
2026-05-29,601318,13:58:20,53.3000,90,2
2026-05-29,601318,13:58:23,53.3100,122,2
2026-05-29,601318,13:58:26,53.3000,36,2
2026-05-29,601318,13:58:29,53.3100,23,1
2026-05-29,601318,13:58:32,53.3100,26,1
2026-05-29,601318,13:58:35,53.3000,209,2
2026-05-29,601318,13:58:38,53.3100,23,1
2026-05-29,601318,13:58:41,53.3000,275,2
2026-05-29,601318,13:58:44,53.3000,55,1
2026-05-29,601318,13:58:47,53.2900,150,2
2026-05-29,601318,13:58:50,53.2900,142,2
2026-05-29,601318,13:58:53,53.2900,67,1
2026-05-29,601318,13:58:56,53.3000,208,1
2026-05-29,601318,13:58:59,53.2900,150,4
2026-05-29,601318,13:59:02,53.2900,85,1
2026-05-29,601318,13:59:05,53.2700,479,2
2026-05-29,601318,13:59:08,53.2700,72,1
2026-05-29,601318,13:59:11,53.2600,82,2
2026-05-29,601318,13:59:14,53.2600,9,2
2026-05-29,601318,13:59:17,53.2600,118,2
2026-05-29,601318,13:59:20,53.2600,33,1
2026-05-29,601318,13:59:23,53.2600,183,1
2026-05-29,601318,13:59:26,53.2500,351,2
2026-05-29,601318,13:59:29,53.2600,273,4
2026-05-29,601318,13:59:32,53.2600,190,1
2026-05-29,601318,13:59:35,53.2800,166,1
2026-05-29,601318,13:59:38,53.2800,15,2
2026-05-29,601318,13:59:41,53.2800,35,2
2026-05-29,601318,13:59:44,53.2800,79,1
2026-05-29,601318,13:59:47,53.2800,138,1
2026-05-29,601318,13:59:50,53.2800,32,1
2026-05-29,601318,13:59:53,53.2800,104,1
2026-05-29,601318,13:59:56,53.2800,40,1
2026-05-29,601318,13:59:59,53.2700,93,2
2026-05-29,601318,14:00:02,53.2800,231,1
2026-05-29,601318,14:00:05,53.2600,132,2
2026-05-29,601318,14:00:08,53.2700,127,1
2026-05-29,601318,14:00:11,53.2500,915,2
2026-05-29,601318,14:00:14,53.2500,104,2
2026-05-29,601318,14:00:17,53.2500,159,2
2026-05-29,601318,14:00:20,53.2600,105,1
2026-05-29,601318,14:00:23,53.2500,148,1
2026-05-29,601318,14:00:26,53.2500,95,2
2026-05-29,601318,14:00:29,53.2500,39,2
2026-05-29,601318,14:00:32,53.2500,131,2
2026-05-29,601318,14:00:35,53.2500,47,2
2026-05-29,601318,14:00:38,53.2600,45,1
2026-05-29,601318,14:00:41,53.2500,474,2
2026-05-29,601318,14:00:44,53.2700,39,1
2026-05-29,601318,14:00:47,53.2700,192,1
2026-05-29,601318,14:00:50,53.2700,125,1
2026-05-29,601318,14:00:53,53.2600,196,2
2026-05-29,601318,14:00:56,53.2600,119,2
2026-05-29,601318,14:00:59,53.2600,50,2
2026-05-29,601318,14:01:02,53.2700,65,1
2026-05-29,601318,14:01:05,53.2700,90,4
2026-05-29,601318,14:01:08,53.2700,34,2
2026-05-29,601318,14:01:11,53.2700,117,2
2026-05-29,601318,14:01:14,53.2700,19,1
2026-05-29,601318,14:01:17,53.2700,122,1
2026-05-29,601318,14:01:20,53.2500,145,2
2026-05-29,601318,14:01:23,53.2500,996,2
2026-05-29,601318,14:01:26,53.2500,81,2
2026-05-29,601318,14:01:29,53.2400,116,2
2026-05-29,601318,14:01:32,53.2300,129,2
2026-05-29,601318,14:01:35,53.2300,162,2
2026-05-29,601318,14:01:38,53.2300,152,2
2026-05-29,601318,14:01:41,53.2200,736,2
2026-05-29,601318,14:01:44,53.2100,19,2
2026-05-29,601318,14:01:47,53.2200,64,1
2026-05-29,601318,14:01:50,53.2100,241,2
2026-05-29,601318,14:01:53,53.2100,68,2
2026-05-29,601318,14:01:56,53.2200,63,1
2026-05-29,601318,14:01:59,53.2100,177,2
2026-05-29,601318,14:02:02,53.2000,136,2
2026-05-29,601318,14:02:05,53.2100,397,4
2026-05-29,601318,14:02:08,53.2100,88,1
2026-05-29,601318,14:02:11,53.1800,1767,2
2026-05-29,601318,14:02:14,53.1600,76,2
2026-05-29,601318,14:02:17,53.1800,164,1
2026-05-29,601318,14:02:20,53.1900,118,1
2026-05-29,601318,14:02:23,53.1900,67,1
2026-05-29,601318,14:02:26,53.1800,192,2
2026-05-29,601318,14:02:29,53.1900,105,1
2026-05-29,601318,14:02:32,53.1900,31,1
2026-05-29,601318,14:02:35,53.1800,109,2
2026-05-29,601318,14:02:38,53.2200,472,1
2026-05-29,601318,14:02:41,53.2200,234,1
2026-05-29,601318,14:02:44,53.2200,27,1
2026-05-29,601318,14:02:47,53.2200,118,1
2026-05-29,601318,14:02:50,53.2100,200,2
2026-05-29,601318,14:02:53,53.2100,119,1
2026-05-29,601318,14:02:56,53.2100,197,1
2026-05-29,601318,14:02:59,53.2300,116,1
2026-05-29,601318,14:03:02,53.2100,203,2
2026-05-29,601318,14:03:05,53.2200,56,2
2026-05-29,601318,14:03:08,53.2400,54,1
2026-05-29,601318,14:03:11,53.2400,50,1
2026-05-29,601318,14:03:14,53.2400,84,2
2026-05-29,601318,14:03:17,53.2400,98,2
2026-05-29,601318,14:03:20,53.2400,161,2
2026-05-29,601318,14:03:23,53.2500,75,1
2026-05-29,601318,14:03:26,53.2400,28,4
2026-05-29,601318,14:03:29,53.2500,182,1
2026-05-29,601318,14:03:32,53.2600,148,1
2026-05-29,601318,14:03:35,53.2600,53,1
2026-05-29,601318,14:03:38,53.2800,123,1
2026-05-29,601318,14:03:41,53.2700,95,1
2026-05-29,601318,14:03:44,53.2600,45,2
2026-05-29,601318,14:03:47,53.2700,578,1
2026-05-29,601318,14:03:50,53.2500,158,2
2026-05-29,601318,14:03:53,53.2500,53,2
2026-05-29,601318,14:03:56,53.2500,109,2
2026-05-29,601318,14:03:59,53.2300,72,2
2026-05-29,601318,14:04:02,53.2000,538,2
2026-05-29,601318,14:04:05,53.2300,345,1
2026-05-29,601318,14:04:08,53.2300,118,1
2026-05-29,601318,14:04:11,53.2300,424,1
2026-05-29,601318,14:04:14,53.2300,67,1
2026-05-29,601318,14:04:17,53.2300,36,1
2026-05-29,601318,14:04:20,53.2300,86,1
2026-05-29,601318,14:04:23,53.2300,26,1
2026-05-29,601318,14:04:26,53.2200,80,2
2026-05-29,601318,14:04:29,53.2200,65,2
2026-05-29,601318,14:04:32,53.2300,83,1
2026-05-29,601318,14:04:35,53.2300,81,1
2026-05-29,601318,14:04:38,53.2200,168,2
2026-05-29,601318,14:04:41,53.2200,108,2
2026-05-29,601318,14:04:44,53.2400,50,1
2026-05-29,601318,14:04:47,53.2300,125,2
2026-05-29,601318,14:04:50,53.2400,60,1
2026-05-29,601318,14:04:53,53.2400,182,2
2026-05-29,601318,14:04:56,53.2400,75,1
2026-05-29,601318,14:04:59,53.2500,119,1
2026-05-29,601318,14:05:02,53.2200,210,2
2026-05-29,601318,14:05:05,53.2600,88,1
2026-05-29,601318,14:05:08,53.2700,146,1
2026-05-29,601318,14:05:11,53.2500,219,2
2026-05-29,601318,14:05:14,53.2600,176,1
2026-05-29,601318,14:05:17,53.2500,999,1
2026-05-29,601318,14:05:20,53.2200,60,2
2026-05-29,601318,14:05:23,53.2200,6,2
2026-05-29,601318,14:05:26,53.2200,70,1
2026-05-29,601318,14:05:29,53.2200,108,2
2026-05-29,601318,14:05:32,53.2300,69,1
2026-05-29,601318,14:05:35,53.2400,40,1
2026-05-29,601318,14:05:38,53.2400,102,1
2026-05-29,601318,14:05:41,53.2400,215,2
2026-05-29,601318,14:05:44,53.2500,89,1
2026-05-29,601318,14:05:47,53.2500,64,1
2026-05-29,601318,14:05:50,53.2400,129,2
2026-05-29,601318,14:05:53,53.2500,8,1
2026-05-29,601318,14:05:56,53.2500,244,1
2026-05-29,601318,14:05:59,53.2500,41,2
2026-05-29,601318,14:06:02,53.2500,384,2
2026-05-29,601318,14:06:05,53.2500,50,2
2026-05-29,601318,14:06:08,53.2800,200,1
2026-05-29,601318,14:06:11,53.2800,331,1
2026-05-29,601318,14:06:14,53.2700,110,4
2026-05-29,601318,14:06:17,53.2900,204,1
2026-05-29,601318,14:06:20,53.2800,143,1
2026-05-29,601318,14:06:23,53.3000,66,1
2026-05-29,601318,14:06:26,53.2800,149,2
2026-05-29,601318,14:06:29,53.3000,167,1
2026-05-29,601318,14:06:32,53.2900,125,4
2026-05-29,601318,14:06:35,53.2900,26,1
2026-05-29,601318,14:06:38,53.2600,244,2
2026-05-29,601318,14:06:41,53.2900,113,1
2026-05-29,601318,14:06:44,53.3000,154,1
2026-05-29,601318,14:06:47,53.3000,111,1
2026-05-29,601318,14:06:50,53.3000,166,2
2026-05-29,601318,14:06:53,53.3000,49,2
2026-05-29,601318,14:06:56,53.2900,43,2
2026-05-29,601318,14:06:59,53.2800,145,1
2026-05-29,601318,14:07:02,53.2600,283,2
2026-05-29,601318,10:56:44,53.3200,87,2
2026-05-29,601318,10:56:47,53.3200,13,2
2026-05-29,601318,10:56:50,53.3200,23,2
2026-05-29,601318,10:56:53,53.3200,119,2
2026-05-29,601318,10:56:56,53.3200,53,1
2026-05-29,601318,10:56:59,53.3400,155,1
2026-05-29,601318,10:57:02,53.3300,29,2
2026-05-29,601318,10:57:05,53.3300,109,2
2026-05-29,601318,10:57:08,53.3300,63,1
2026-05-29,601318,10:57:11,53.3300,11,1
2026-05-29,601318,10:57:14,53.3300,127,1
2026-05-29,601318,10:57:17,53.3300,22,2
2026-05-29,601318,10:57:20,53.3400,869,1
2026-05-29,601318,10:57:23,53.3400,70,2
2026-05-29,601318,10:57:26,53.3500,102,2
2026-05-29,601318,10:57:29,53.3500,122,1
2026-05-29,601318,10:57:32,53.3400,18,4
2026-05-29,601318,10:57:35,53.3300,39,2
2026-05-29,601318,10:57:38,53.3400,11,1
2026-05-29,601318,10:57:41,53.3400,73,1
2026-05-29,601318,10:57:44,53.3500,151,1
2026-05-29,601318,10:57:47,53.3500,23,1
2026-05-29,601318,10:57:50,53.3400,38,2
2026-05-29,601318,10:57:53,53.3400,34,2
2026-05-29,601318,10:57:56,53.3500,29,1
2026-05-29,601318,10:57:59,53.3400,23,2
2026-05-29,601318,10:58:02,53.3500,33,1
2026-05-29,601318,10:58:05,53.3500,124,1
2026-05-29,601318,10:58:08,53.3500,34,2
2026-05-29,601318,10:58:11,53.3600,63,1
2026-05-29,601318,10:58:14,53.3500,54,1
2026-05-29,601318,10:58:17,53.3500,20,1
2026-05-29,601318,10:58:20,53.3400,56,2
2026-05-29,601318,10:58:23,53.3500,38,1
2026-05-29,601318,10:58:26,53.3400,67,2
2026-05-29,601318,10:58:29,53.3300,47,2
2026-05-29,601318,10:58:32,53.3300,165,2
2026-05-29,601318,10:58:35,53.3300,42,1
2026-05-29,601318,10:58:38,53.3300,60,1
2026-05-29,601318,10:58:41,53.3200,102,2
2026-05-29,601318,10:58:44,53.3200,74,2
2026-05-29,601318,10:58:47,53.3100,42,2
2026-05-29,601318,10:58:50,53.3200,167,1
2026-05-29,601318,10:58:53,53.3000,67,2
2026-05-29,601318,10:58:56,53.3300,236,1
2026-05-29,601318,10:58:59,53.3300,178,1
2026-05-29,601318,10:59:02,53.3300,29,2
2026-05-29,601318,10:59:05,53.3500,100,1
2026-05-29,601318,10:59:08,53.3500,42,1
2026-05-29,601318,10:59:11,53.3500,18,1
2026-05-29,601318,10:59:14,53.3400,43,4
2026-05-29,601318,10:59:17,53.3500,44,1
2026-05-29,601318,10:59:20,53.3500,50,1
2026-05-29,601318,10:59:23,53.3300,23,2
2026-05-29,601318,10:59:26,53.3400,33,4
2026-05-29,601318,10:59:29,53.3400,39,2
2026-05-29,601318,10:59:32,53.3400,39,2
2026-05-29,601318,10:59:35,53.3300,32,2
2026-05-29,601318,10:59:38,53.3400,42,1
2026-05-29,601318,10:59:41,53.3300,17,2
2026-05-29,601318,10:59:44,53.3300,21,2
2026-05-29,601318,10:59:47,53.3300,109,2
2026-05-29,601318,10:59:50,53.3300,7,1
2026-05-29,601318,10:59:53,53.3300,17,1
2026-05-29,601318,10:59:56,53.3300,18,1
2026-05-29,601318,10:59:59,53.3400,66,1
2026-05-29,601318,11:00:02,53.3300,44,2
2026-05-29,601318,11:00:05,53.3300,35,2
2026-05-29,601318,11:00:08,53.3300,21,1
2026-05-29,601318,11:00:11,53.3300,67,1
2026-05-29,601318,11:00:14,53.3300,50,1
2026-05-29,601318,11:00:17,53.3300,105,1
2026-05-29,601318,11:00:20,53.3400,126,1
2026-05-29,601318,11:00:23,53.3200,75,2
2026-05-29,601318,11:00:26,53.3200,39,2
2026-05-29,601318,11:00:29,53.3300,33,1
2026-05-29,601318,11:00:32,53.3200,5,2
2026-05-29,601318,11:00:35,53.3300,14,1
2026-05-29,601318,11:00:38,53.3300,218,1
2026-05-29,601318,11:00:41,53.3400,559,1
2026-05-29,601318,11:00:44,53.3400,158,2
2026-05-29,601318,11:00:47,53.3400,84,1
2026-05-29,601318,11:00:50,53.3400,6,1
2026-05-29,601318,11:00:53,53.3500,139,1
2026-05-29,601318,11:00:56,53.3400,24,1
2026-05-29,601318,11:00:59,53.3400,56,1
2026-05-29,601318,11:01:02,53.3400,131,2
2026-05-29,601318,11:01:05,53.3400,24,2
2026-05-29,601318,11:01:08,53.3400,35,2
2026-05-29,601318,11:01:11,53.3400,41,2
2026-05-29,601318,11:01:14,53.3400,153,2
2026-05-29,601318,11:01:17,53.3200,142,2
2026-05-29,601318,11:01:20,53.3400,33,1
2026-05-29,601318,11:01:23,53.3200,128,2
2026-05-29,601318,11:01:26,53.3300,45,2
2026-05-29,601318,11:01:29,53.3400,85,1
2026-05-29,601318,11:01:32,53.3400,156,1
2026-05-29,601318,11:01:35,53.3200,374,2
2026-05-29,601318,11:01:38,53.3400,74,1
2026-05-29,601318,11:01:41,53.3400,31,1
2026-05-29,601318,11:01:44,53.3300,49,4
2026-05-29,601318,11:01:47,53.3100,56,2
2026-05-29,601318,11:01:50,53.2900,159,2
2026-05-29,601318,11:01:53,53.2900,57,2
2026-05-29,601318,11:01:56,53.3000,16,1
2026-05-29,601318,11:01:59,53.2900,53,2
2026-05-29,601318,11:02:02,53.3000,164,1
2026-05-29,601318,11:02:05,53.3100,122,1
2026-05-29,601318,11:02:08,53.3100,224,1
2026-05-29,601318,11:02:11,53.3000,39,2
2026-05-29,601318,11:02:14,53.3100,37,1
2026-05-29,601318,11:02:17,53.3300,45,1
2026-05-29,601318,11:02:20,53.3300,103,2
2026-05-29,601318,11:02:23,53.3400,84,1
2026-05-29,601318,11:02:26,53.3300,28,2
2026-05-29,601318,11:02:29,53.3300,44,1
2026-05-29,601318,11:02:32,53.3400,100,1
2026-05-29,601318,11:02:35,53.3300,58,2
2026-05-29,601318,11:02:38,53.3300,84,2
2026-05-29,601318,11:02:41,53.3200,64,2
2026-05-29,601318,11:02:44,53.3200,94,2
2026-05-29,601318,11:02:47,53.3300,70,1
2026-05-29,601318,11:02:50,53.3200,15,4
2026-05-29,601318,11:02:53,53.3100,27,2
2026-05-29,601318,11:02:56,53.3300,273,1
2026-05-29,601318,11:02:59,53.3200,85,4
2026-05-29,601318,11:03:02,53.3100,29,2
2026-05-29,601318,11:03:05,53.3000,41,2
2026-05-29,601318,11:03:08,53.3000,38,1
2026-05-29,601318,11:03:11,53.3100,71,1
2026-05-29,601318,11:03:14,53.3000,146,2
2026-05-29,601318,11:03:17,53.3000,127,2
2026-05-29,601318,11:03:20,53.3300,104,1
2026-05-29,601318,11:03:23,53.3100,98,2
2026-05-29,601318,11:03:26,53.3100,40,2
2026-05-29,601318,11:03:29,53.3000,133,2
2026-05-29,601318,11:03:32,53.3100,22,2
2026-05-29,601318,11:03:35,53.3300,157,1
2026-05-29,601318,11:03:38,53.3200,156,2
2026-05-29,601318,11:03:41,53.3100,31,2
2026-05-29,601318,11:03:44,53.3000,69,2
2026-05-29,601318,11:03:47,53.3000,58,1
2026-05-29,601318,11:03:50,53.3100,145,1
2026-05-29,601318,11:03:53,53.3000,66,2
2026-05-29,601318,11:03:56,53.3000,483,2
2026-05-29,601318,11:03:59,53.3000,140,2
2026-05-29,601318,11:04:02,53.3000,41,2
2026-05-29,601318,11:04:05,53.3000,140,2
2026-05-29,601318,11:04:08,53.3200,95,1
2026-05-29,601318,11:04:11,53.3300,88,1
2026-05-29,601318,11:04:14,53.3500,640,1
2026-05-29,601318,11:04:17,53.3600,139,1
2026-05-29,601318,11:04:20,53.3600,192,2
2026-05-29,601318,11:04:23,53.3600,19,1
2026-05-29,601318,11:04:26,53.3500,34,2
2026-05-29,601318,11:04:29,53.3500,22,2
2026-05-29,601318,11:04:32,53.3500,93,2
2026-05-29,601318,11:04:35,53.3500,10,2
2026-05-29,601318,11:04:38,53.3500,86,2
2026-05-29,601318,11:04:41,53.3600,60,1
2026-05-29,601318,11:04:44,53.3600,77,1
2026-05-29,601318,11:04:47,53.3400,257,2
2026-05-29,601318,11:04:50,53.3400,113,2
2026-05-29,601318,11:04:53,53.3400,40,2
2026-05-29,601318,11:04:56,53.3400,59,1
2026-05-29,601318,11:04:59,53.3500,53,1
2026-05-29,601318,11:05:02,53.3500,66,1
2026-05-29,601318,11:05:05,53.3400,201,2
2026-05-29,601318,11:05:08,53.3600,126,1
2026-05-29,601318,11:05:11,53.3600,72,1
2026-05-29,601318,11:05:14,53.3500,33,2
2026-05-29,601318,11:05:17,53.3600,30,1
2026-05-29,601318,11:05:20,53.3500,125,2
2026-05-29,601318,11:05:23,53.3500,59,1
2026-05-29,601318,11:05:26,53.3500,77,1
2026-05-29,601318,11:05:29,53.3500,26,1
2026-05-29,601318,11:05:32,53.3500,64,1
2026-05-29,601318,11:05:35,53.3400,39,2
2026-05-29,601318,11:05:38,53.3400,88,2
2026-05-29,601318,11:05:41,53.3500,50,2
2026-05-29,601318,11:05:44,53.3500,21,1
2026-05-29,601318,11:05:47,53.3500,20,1
2026-05-29,601318,11:05:50,53.3400,43,2
2026-05-29,601318,11:05:53,53.3400,46,2
2026-05-29,601318,11:05:56,53.3500,6,1
2026-05-29,601318,11:05:59,53.3400,46,2
2026-05-29,601318,11:06:02,53.3500,67,1
2026-05-29,601318,11:06:05,53.3400,40,2
2026-05-29,601318,11:06:08,53.3500,38,1
2026-05-29,601318,11:06:11,53.3500,32,1
2026-05-29,601318,11:06:14,53.3500,63,1
2026-05-29,601318,11:06:17,53.3500,11,1
2026-05-29,601318,11:06:20,53.3500,42,1
2026-05-29,601318,11:06:23,53.3700,587,1
2026-05-29,601318,11:06:26,53.3800,320,1
2026-05-29,601318,11:06:29,53.4000,461,1
2026-05-29,601318,11:06:32,53.4000,1525,1
2026-05-29,601318,11:06:35,53.4200,121,1
2026-05-29,601318,11:06:38,53.4200,122,1
2026-05-29,601318,11:06:41,53.4200,28,1
2026-05-29,601318,11:06:44,53.4200,29,1
2026-05-29,601318,11:06:47,53.4100,48,2
2026-05-29,601318,11:06:50,53.4100,74,2
2026-05-29,601318,11:06:53,53.4100,188,2
2026-05-29,601318,11:06:56,53.4100,60,1
2026-05-29,601318,11:06:59,53.4000,24,2
2026-05-29,601318,11:07:02,53.4000,71,2
2026-05-29,601318,11:07:05,53.4200,275,1
2026-05-29,601318,11:07:08,53.4100,150,2
2026-05-29,601318,11:07:11,53.4000,96,4
2026-05-29,601318,11:07:14,53.4000,8,2
2026-05-29,601318,11:07:17,53.4100,51,1
2026-05-29,601318,11:07:20,53.4000,9,4
2026-05-29,601318,11:07:23,53.3900,19,2
2026-05-29,601318,11:07:26,53.3900,32,2
2026-05-29,601318,11:07:29,53.4000,124,1
2026-05-29,601318,11:07:32,53.3900,47,2
2026-05-29,601318,11:07:35,53.3900,36,2
2026-05-29,601318,11:07:38,53.3900,51,1
2026-05-29,601318,11:07:41,53.3900,20,1
2026-05-29,601318,11:07:44,53.3900,53,1
2026-05-29,601318,11:07:47,53.3900,63,2
2026-05-29,601318,11:07:50,53.4000,76,1
2026-05-29,601318,11:07:53,53.4100,458,1
2026-05-29,601318,11:07:56,53.4100,50,2
2026-05-29,601318,11:07:59,53.4100,160,2
2026-05-29,601318,11:08:02,53.4100,16,1
2026-05-29,601318,11:08:05,53.4000,22,2
2026-05-29,601318,11:08:08,53.4100,55,1
2026-05-29,601318,11:08:11,53.4100,225,1
2026-05-29,601318,11:08:14,53.4000,17,4
2026-05-29,601318,11:08:17,53.4000,110,1
2026-05-29,601318,11:08:20,53.4000,34,1
2026-05-29,601318,11:08:23,53.4000,45,1
2026-05-29,601318,11:08:26,53.4100,53,1
2026-05-29,601318,11:08:29,53.4100,101,2
2026-05-29,601318,11:08:32,53.4100,13,2
2026-05-29,601318,11:08:35,53.4100,26,2
2026-05-29,601318,11:08:38,53.4100,8,1
2026-05-29,601318,11:08:41,53.4000,35,2
2026-05-29,601318,11:08:44,53.4000,75,2
2026-05-29,601318,11:08:47,53.4000,6,1
2026-05-29,601318,11:08:50,53.4100,76,1
2026-05-29,601318,11:08:53,53.4000,48,2
2026-05-29,601318,11:08:56,53.3900,109,2
2026-05-29,601318,11:08:59,53.4000,35,1
2026-05-29,601318,11:09:02,53.4000,113,1
2026-05-29,601318,11:09:05,53.4000,36,2
2026-05-29,601318,11:09:08,53.4200,698,1
2026-05-29,601318,11:09:11,53.4200,278,2
2026-05-29,601318,11:09:14,53.4400,1079,1
2026-05-29,601318,11:09:17,53.4400,1654,1
2026-05-29,601318,11:09:20,53.4400,137,2
2026-05-29,601318,11:09:23,53.4500,195,1
2026-05-29,601318,11:09:26,53.4500,123,1
2026-05-29,601318,11:09:29,53.4500,42,1
2026-05-29,601318,11:09:32,53.4400,664,2
2026-05-29,601318,11:09:35,53.4500,65,1
2026-05-29,601318,11:09:38,53.4400,44,2
2026-05-29,601318,11:09:41,53.4400,12,1
2026-05-29,601318,11:09:44,53.4300,179,2
2026-05-29,601318,11:09:47,53.4300,97,2
2026-05-29,601318,11:09:50,53.4500,243,1
2026-05-29,601318,11:09:53,53.4500,189,1
2026-05-29,601318,11:09:56,53.4700,1405,1
2026-05-29,601318,11:09:59,53.4700,501,1
2026-05-29,601318,11:10:02,53.4800,697,1
2026-05-29,601318,11:10:05,53.4800,256,1
2026-05-29,601318,11:10:08,53.4800,30,1
2026-05-29,601318,11:10:11,53.4800,345,1
2026-05-29,601318,11:10:14,53.4800,221,1
2026-05-29,601318,11:10:17,53.4800,220,2
2026-05-29,601318,11:10:20,53.4900,66,1
2026-05-29,601318,11:10:23,53.4900,64,1
2026-05-29,601318,11:10:26,53.4900,314,1
2026-05-29,601318,11:10:29,53.4800,127,2
2026-05-29,601318,11:10:32,53.4800,176,2
2026-05-29,601318,11:10:35,53.4800,142,2
2026-05-29,601318,11:10:38,53.4700,56,2
2026-05-29,601318,11:10:41,53.4700,64,2
2026-05-29,601318,11:10:44,53.4700,60,2
2026-05-29,601318,11:10:47,53.4700,150,2
2026-05-29,601318,11:10:50,53.4800,58,1
2026-05-29,601318,11:10:53,53.4900,393,1
2026-05-29,601318,11:10:56,53.4900,44,1
2026-05-29,601318,11:10:59,53.4900,35,1
2026-05-29,601318,11:11:02,53.5600,9548,1
2026-05-29,601318,11:11:05,53.5500,5756,2
2026-05-29,601318,11:11:08,53.5300,725,2
2026-05-29,601318,11:11:11,53.5300,103,2
2026-05-29,601318,11:11:14,53.5200,34,2
2026-05-29,601318,11:11:17,53.5300,413,1
2026-05-29,601318,11:11:20,53.5300,102,1
2026-05-29,601318,11:11:23,53.5200,62,2
2026-05-29,601318,11:11:26,53.5300,196,1
2026-05-29,601318,11:11:29,53.5300,208,2
2026-05-29,601318,11:11:32,53.5300,80,1
2026-05-29,601318,11:11:35,53.5300,454,2
2026-05-29,601318,11:11:38,53.5300,50,2
2026-05-29,601318,11:11:41,53.5400,151,4
2026-05-29,601318,11:11:44,53.5500,393,1
2026-05-29,601318,11:11:47,53.5400,757,2
2026-05-29,601318,11:11:50,53.5500,23,2
2026-05-29,601318,11:11:53,53.5500,88,2
2026-05-29,601318,11:11:56,53.5400,177,2
2026-05-29,601318,11:11:59,53.5300,561,2
2026-05-29,601318,11:12:02,53.5200,215,2
2026-05-29,601318,11:12:05,53.4900,179,2
2026-05-29,601318,11:12:08,53.4800,45,2
2026-05-29,601318,11:12:11,53.5000,536,1
2026-05-29,601318,11:12:14,53.5000,30,1
2026-05-29,601318,11:12:17,53.5000,54,1
2026-05-29,601318,11:12:20,53.4900,23,1
2026-05-29,601318,11:12:23,53.4900,109,2
2026-05-29,601318,11:12:26,53.4900,67,2
2026-05-29,601318,11:12:29,53.4900,46,2
2026-05-29,601318,11:12:32,53.4900,68,2
2026-05-29,601318,11:12:35,53.5000,15,1
2026-05-29,601318,11:12:38,53.4800,193,2
2026-05-29,601318,11:12:41,53.4800,44,2
2026-05-29,601318,11:12:44,53.4800,20,2
2026-05-29,601318,11:12:47,53.4800,62,1
2026-05-29,601318,11:12:50,53.4700,121,2
2026-05-29,601318,11:12:53,53.4700,25,1
2026-05-29,601318,11:12:56,53.4600,23,2
2026-05-29,601318,11:12:59,53.4600,27,1
2026-05-29,601318,11:13:02,53.4600,91,1
2026-05-29,601318,11:13:05,53.4600,199,1
2026-05-29,601318,11:13:08,53.4800,395,1
2026-05-29,601318,11:13:11,53.4800,325,2
2026-05-29,601318,11:13:14,53.4800,90,2
2026-05-29,601318,11:13:17,53.4800,132,2
2026-05-29,601318,11:13:20,53.4800,41,1
2026-05-29,601318,11:13:23,53.4700,45,2
2026-05-29,601318,11:13:26,53.4800,32,2
2026-05-29,601318,11:13:29,53.4800,46,1
2026-05-29,601318,11:13:32,53.4800,130,2
2026-05-29,601318,11:13:35,53.4800,65,2
2026-05-29,601318,11:13:38,53.4800,94,2
2026-05-29,601318,11:13:41,53.4600,56,2
2026-05-29,601318,11:13:44,53.4700,25,1
2026-05-29,601318,11:13:47,53.4600,47,2
2026-05-29,601318,11:13:50,53.4700,88,1
2026-05-29,601318,11:13:53,53.4500,29,2
2026-05-29,601318,11:13:56,53.4500,97,1
2026-05-29,601318,11:13:59,53.4400,56,2
2026-05-29,601318,11:14:02,53.4300,40,2
2026-05-29,601318,11:14:05,53.4400,8,1
2026-05-29,601318,11:14:08,53.4300,63,2
2026-05-29,601318,11:14:11,53.4300,67,2
2026-05-29,601318,11:14:14,53.4300,9,1
2026-05-29,601318,11:14:17,53.4200,23,2
2026-05-29,601318,11:14:20,53.4100,36,2
2026-05-29,601318,11:14:23,53.4200,11,1
2026-05-29,601318,11:14:26,53.4200,92,1
2026-05-29,601318,11:14:29,53.4100,225,2
2026-05-29,601318,11:14:32,53.4300,381,1
2026-05-29,601318,11:14:35,53.4300,131,2
2026-05-29,601318,11:14:38,53.4300,115,2
2026-05-29,601318,11:14:41,53.4300,17,2
2026-05-29,601318,11:14:44,53.4300,27,1
2026-05-29,601318,11:14:47,53.4200,4,2
2026-05-29,601318,11:14:50,53.4100,2,2
2026-05-29,601318,11:14:53,53.4200,49,1
2026-05-29,601318,11:14:56,53.4200,44,2
2026-05-29,601318,11:14:59,53.4300,128,1
2026-05-29,601318,11:15:02,53.4300,116,2
2026-05-29,601318,11:15:05,53.4200,72,1
2026-05-29,601318,11:15:08,53.4100,251,2
2026-05-29,601318,11:15:11,53.4100,51,1
2026-05-29,601318,11:15:14,53.4000,103,2
2026-05-29,601318,11:15:17,53.4000,164,2
2026-05-29,601318,11:15:20,53.4000,59,1
2026-05-29,601318,11:15:23,53.4000,21,1
2026-05-29,601318,11:15:26,53.4000,210,1
2026-05-29,601318,11:15:29,53.3900,153,2
2026-05-29,601318,11:15:32,53.4000,329,1
2026-05-29,601318,11:15:35,53.3800,26,2
2026-05-29,601318,11:15:38,53.3800,45,1
2026-05-29,601318,11:15:41,53.3800,87,1
2026-05-29,601318,11:15:44,53.3700,89,2
2026-05-29,601318,11:15:47,53.3700,67,2
2026-05-29,601318,11:15:50,53.3600,89,2
2026-05-29,601318,11:15:53,53.3600,94,2
2026-05-29,601318,11:15:56,53.3500,51,2
2026-05-29,601318,11:15:59,53.3600,92,1
2026-05-29,601318,11:16:02,53.3600,58,1
2026-05-29,601318,11:16:05,53.3600,70,1
2026-05-29,601318,11:16:08,53.3500,60,2
2026-05-29,601318,11:16:11,53.3600,280,1
2026-05-29,601318,11:16:14,53.3500,47,2
2026-05-29,601318,11:16:17,53.3600,75,4
2026-05-29,601318,11:16:20,53.3600,16,1
2026-05-29,601318,11:16:23,53.3500,132,2
2026-05-29,601318,11:16:26,53.3500,7,1
2026-05-29,601318,11:16:29,53.3400,63,2
2026-05-29,601318,11:16:32,53.3400,24,1
2026-05-29,601318,11:16:35,53.3500,120,1
2026-05-29,601318,11:16:38,53.3400,33,4
2026-05-29,601318,11:16:41,53.3500,78,1
2026-05-29,601318,11:16:44,53.3400,253,2
2026-05-29,601318,11:16:47,53.3400,29,2
2026-05-29,601318,11:16:50,53.3400,69,2
2026-05-29,601318,11:16:53,53.3400,9,1
2026-05-29,601318,11:16:56,53.3400,102,1
2026-05-29,601318,11:16:59,53.3300,121,2
2026-05-29,601318,11:17:02,53.3400,24,1
2026-05-29,601318,11:17:05,53.3300,59,1
2026-05-29,601318,11:17:08,53.3300,96,1
2026-05-29,601318,11:17:11,53.3300,26,1
2026-05-29,601318,11:17:14,53.3300,36,4
2026-05-29,601318,11:17:17,53.3000,399,2
2026-05-29,601318,11:17:20,53.3100,41,1
2026-05-29,601318,11:17:23,53.2900,47,2
2026-05-29,601318,11:17:26,53.2900,9,2
2026-05-29,601318,11:17:29,53.3100,26,1
2026-05-29,601318,11:17:32,53.3000,13,1
2026-05-29,601318,11:17:35,53.3000,121,1
2026-05-29,601318,11:17:38,53.3100,156,1
2026-05-29,601318,11:17:41,53.3100,9,4
2026-05-29,601318,11:17:44,53.2900,121,2
2026-05-29,601318,11:17:47,53.2900,292,2
2026-05-29,601318,11:17:50,53.3100,45,1
2026-05-29,601318,11:17:53,53.3000,200,4
2026-05-29,601318,11:17:56,53.2900,216,2
2026-05-29,601318,11:17:59,53.2900,28,2
2026-05-29,601318,11:18:02,53.2800,171,2
2026-05-29,601318,11:18:05,53.2800,89,1
2026-05-29,601318,11:18:08,53.2700,252,2
2026-05-29,601318,11:18:11,53.2700,18,1
2026-05-29,601318,11:18:14,53.2700,19,1
2026-05-29,601318,11:18:17,53.2600,642,2
2026-05-29,601318,11:18:20,53.2700,146,1
2026-05-29,601318,11:18:23,53.2800,108,2
2026-05-29,601318,11:18:26,53.2900,182,2
2026-05-29,601318,11:18:29,53.3100,28,1
2026-05-29,601318,11:18:32,53.2800,77,2
2026-05-29,601318,11:18:35,53.3100,50,1
2026-05-29,601318,11:18:38,53.2800,6,2
2026-05-29,601318,11:18:44,53.3100,149,1
2026-05-29,601318,11:18:47,53.2900,236,2
2026-05-29,601318,11:18:50,53.2700,75,2
2026-05-29,601318,11:18:53,53.2500,721,2
2026-05-29,601318,11:18:56,53.2500,66,1
2026-05-29,601318,11:18:59,53.2400,33,2
2026-05-29,601318,11:19:02,53.2500,31,1
2026-05-29,601318,11:19:05,53.2300,90,2
2026-05-29,601318,11:19:08,53.2500,190,1
2026-05-29,601318,11:19:11,53.2500,41,2
2026-05-29,601318,11:19:14,53.2500,33,4
2026-05-29,601318,11:19:17,53.2400,22,2
2026-05-29,601318,11:19:20,53.2600,122,1
2026-05-29,601318,11:19:23,53.2500,92,2
2026-05-29,601318,11:19:26,53.2500,69,2
2026-05-29,601318,11:19:29,53.2500,44,2
2026-05-29,601318,11:19:32,53.2400,338,2
2026-05-29,601318,11:19:35,53.2400,267,2
2026-05-29,601318,11:19:38,53.2400,66,2
2026-05-29,601318,11:19:41,53.2400,20,2
2026-05-29,601318,11:19:44,53.2300,53,2
2026-05-29,601318,11:19:47,53.2400,136,1
2026-05-29,601318,11:19:50,53.2300,225,2
2026-05-29,601318,11:19:53,53.2300,59,2
2026-05-29,601318,11:19:56,53.2300,23,1
2026-05-29,601318,11:19:59,53.2300,159,2
2026-05-29,601318,11:20:02,53.2300,111,2
2026-05-29,601318,11:20:05,53.2300,35,2
2026-05-29,601318,11:20:08,53.2300,105,2
2026-05-29,601318,11:20:11,53.2400,2,2
2026-05-29,601318,11:20:14,53.2400,25,2
2026-05-29,601318,11:20:17,53.2500,24,1
2026-05-29,601318,11:20:20,53.2500,36,1
2026-05-29,601318,11:20:23,53.2600,13,1
