date,code,time,price,volume,bs
2026-03-05,600519,14:02:15,1396.0100,1,2
2026-03-05,600519,14:02:18,1396.4900,2,1
2026-03-05,600519,14:02:21,1396.5000,3,1
2026-03-05,600519,14:02:24,1396.5100,24,1
2026-03-05,600519,14:02:27,1396.4900,4,2
2026-03-05,600519,14:02:30,1396.5000,2,4
2026-03-05,600519,14:02:33,1396.6200,9,1
2026-03-05,600519,14:02:36,1396.7000,5,2
2026-03-05,600519,14:02:39,1396.9000,2,1
2026-03-05,600519,14:02:42,1397.1000,2,1
2026-03-05,600519,14:02:48,1397.1000,1,1
2026-03-05,600519,14:02:51,1397.1801,3,1
2026-03-05,600519,14:02:54,1397.0000,6,2
2026-03-05,600519,14:03:00,1396.9100,2,2
2026-03-05,600519,14:03:03,1396.9900,1,1
2026-03-05,600519,14:03:06,1396.9900,1,1
2026-03-05,600519,14:03:09,1397.0000,7,1
2026-03-05,600519,14:03:12,1397.0000,1,2
2026-03-05,600519,14:03:15,1397.0000,3,2
2026-03-05,600519,14:03:18,1397.0699,4,1
2026-03-05,600519,14:03:21,1397.0601,4,2
2026-03-05,600519,14:03:24,1397.0800,7,1
2026-03-05,600519,14:03:27,1397.2300,8,1
2026-03-05,600519,14:03:30,1397.1200,2,2
2026-03-05,600519,14:03:33,1397.1600,3,1
2026-03-05,600519,14:03:36,1397.1200,1,2
2026-03-05,600519,14:03:39,1397.1600,1,1
2026-03-05,600519,14:03:42,1397.1600,2,1
2026-03-05,600519,14:03:45,1397.1000,16,2
2026-03-05,600519,14:03:48,1397.1700,1,2
2026-03-05,600519,14:03:51,1397.1700,5,2
2026-03-05,600519,14:03:54,1397.2700,1,1
2026-03-05,600519,14:03:57,1397.1700,1,2
2026-03-05,600519,14:04:00,1397.1801,7,2
2026-03-05,600519,14:04:03,1397.1000,8,2
2026-03-05,600519,14:04:06,1397.0900,9,2
2026-03-05,600519,14:04:09,1397.0699,13,2
2026-03-05,600519,14:04:12,1397.0800,5,1
2026-03-05,600519,14:04:15,1397.0800,2,1
2026-03-05,600519,14:04:18,1397.0699,3,1
2026-03-05,600519,14:04:21,1397.0000,1,2
2026-03-05,600519,14:04:24,1397.0900,6,1
2026-03-05,600519,14:04:27,1397.0400,1,1
2026-03-05,600519,14:04:30,1397.0000,2,2
2026-03-05,600519,14:04:33,1397.0500,2,1
2026-03-05,600519,14:04:36,1397.0000,4,2
2026-03-05,600519,14:04:42,1397.0200,3,4
2026-03-05,600519,14:04:45,1397.0300,3,1
2026-03-05,600519,14:04:51,1397.0100,2,2
2026-03-05,600519,14:04:54,1396.9100,17,2
2026-03-05,600519,14:04:57,1396.8900,18,2
2026-03-05,600519,14:05:00,1396.7600,12,2
2026-03-05,600519,14:05:03,1396.9800,5,1
2026-03-05,600519,14:05:06,1396.8101,5,2
2026-03-05,600519,14:05:09,1396.9800,8,1
2026-03-05,600519,14:05:12,1396.7000,10,2
2026-03-05,600519,14:05:15,1396.7900,7,1
2026-03-05,600519,14:05:18,1396.5300,5,2
2026-03-05,600519,14:05:24,1396.7000,5,2
2026-03-05,600519,14:05:27,1396.5300,5,2
2026-03-05,600519,14:05:30,1396.5400,11,2
2026-03-05,600519,14:05:33,1396.4900,19,2
2026-03-05,600519,14:05:36,1396.3700,2,2
2026-03-05,600519,14:05:39,1396.3700,5,2
2026-03-05,600519,14:05:42,1396.5200,7,1
2026-03-05,600519,14:05:45,1396.5100,7,1
2026-03-05,600519,14:05:48,1396.2000,2,2
2026-03-05,600519,14:05:51,1396.5200,2,1
2026-03-05,600519,14:05:54,1396.3800,5,2
2026-03-05,600519,14:06:00,1396.3900,1,2
2026-03-05,600519,14:06:06,1396.3800,3,2
2026-03-05,600519,14:06:09,1396.3900,3,2
2026-03-05,600519,14:06:12,1396.3900,1,1
2026-03-05,600519,14:06:15,1396.2600,6,2
2026-03-05,600519,14:06:18,1396.3400,4,2
2026-03-05,600519,14:06:21,1396.4399,4,1
2026-03-05,600519,14:06:24,1396.3900,2,1
2026-03-05,600519,14:06:27,1396.2100,7,2
2026-03-05,600519,14:06:30,1396.3900,1,2
2026-03-05,600519,14:06:33,1396.2100,3,2
2026-03-05,600519,14:06:36,1396.3000,1,1
2026-03-05,600519,14:06:39,1396.3900,6,1
2026-03-05,600519,14:06:42,1396.2900,9,1
2026-03-05,600519,14:06:45,1396.3500,1,1
2026-03-05,600519,14:06:48,1396.3000,1,2
2026-03-05,600519,14:06:51,1396.3400,4,1
2026-03-05,600519,14:06:54,1396.3400,2,1
2026-03-05,600519,14:06:57,1396.3500,7,1
2026-03-05,600519,14:07:00,1396.3600,6,4
2026-03-05,600519,14:07:03,1396.3300,10,2
2026-03-05,600519,14:07:06,1396.3199,6,1
2026-03-05,600519,14:07:09,1396.3300,5,1
2026-03-05,600519,14:07:12,1396.3300,1,1
2026-03-05,600519,14:07:15,1396.3500,1,1
2026-03-05,600519,14:07:18,1396.3400,2,4
2026-03-05,600519,14:07:21,1396.3400,2,2
2026-03-05,600519,14:07:24,1396.3500,5,1
2026-03-05,600519,14:07:27,1396.3500,1,1
2026-03-05,600519,14:07:30,1396.3300,4,2
2026-03-05,600519,14:07:33,1396.3400,6,1
2026-03-05,600519,14:07:36,1396.3000,5,2
2026-03-05,600519,14:07:39,1396.3400,7,2
2026-03-05,600519,14:07:42,1396.3000,4,2
2026-03-05,600519,14:07:45,1396.3400,2,1
2026-03-05,600519,14:07:48,1396.3500,13,1
2026-03-05,600519,14:07:51,1396.3500,4,2
2026-03-05,600519,14:07:54,1396.3500,1,4
2026-03-05,600519,14:08:00,1396.3101,6,2
2026-03-05,600519,14:08:03,1396.3400,3,2
2026-03-05,600519,14:08:06,1396.3900,4,1
2026-03-05,600519,14:08:09,1396.3900,6,1
2026-03-05,600519,14:08:12,1396.3800,14,1
2026-03-05,600519,14:08:15,1396.2000,11,2
2026-03-05,600519,14:08:18,1396.2900,12,1
2026-03-05,600519,14:08:21,1396.1801,9,2
2026-03-05,600519,14:08:24,1396.3800,1,1
2026-03-05,600519,14:08:27,1396.3900,5,1
2026-03-05,600519,14:08:30,1396.3900,5,2
2026-03-05,600519,14:08:33,1396.3900,1,2
2026-03-05,600519,14:08:36,1396.3900,4,2
2026-03-05,600519,14:08:39,1396.4000,1,1
2026-03-05,600519,14:08:42,1396.4000,9,1
2026-03-05,600519,14:08:45,1396.4500,4,1
2026-03-05,600519,14:08:48,1396.4600,3,1
2026-03-05,600519,14:08:51,1396.4500,2,1
2026-03-05,600519,14:08:54,1396.4399,13,1
2026-03-05,600519,14:09:00,1396.4700,6,1
2026-03-05,600519,14:09:03,1396.4000,6,2
2026-03-05,600519,14:09:06,1396.4500,4,1
2026-03-05,600519,14:09:12,1396.4600,2,1
2026-03-05,600519,14:09:15,1396.4000,4,2
2026-03-05,600519,14:09:18,1396.4500,8,1
2026-03-05,600519,14:09:21,1396.3900,12,2
2026-03-05,600519,14:09:24,1396.3101,6,2
2026-03-05,600519,14:09:27,1396.4800,6,1
2026-03-05,600519,14:09:30,1396.3900,2,2
2026-03-05,600519,14:09:33,1396.2000,14,2
2026-03-05,600519,14:09:36,1396.2000,12,2
2026-03-05,600519,14:09:39,1396.1899,12,2
2026-03-05,600519,14:09:42,1396.0900,14,2
2026-03-05,600519,14:09:45,1396.0900,1,2
2026-03-05,600519,14:09:48,1396.0200,7,2
2026-03-05,600519,14:09:51,1396.0100,9,2
2026-03-05,600519,14:09:54,1396.0900,2,2
2026-03-05,600519,14:09:57,1396.0900,6,4
2026-03-05,600519,14:10:00,1396.0200,5,2
2026-03-05,600519,14:10:03,1396.1700,2,1
2026-03-05,600519,14:10:06,1396.0100,4,2
2026-03-05,600519,14:10:09,1396.0601,10,1
2026-03-05,600519,14:10:12,1396.0000,34,2
2026-03-05,600519,14:10:15,1396.0000,11,2
2026-03-05,600519,14:10:18,1396.1100,7,1
2026-03-05,600519,14:10:21,1396.1100,3,1
2026-03-05,600519,14:10:24,1395.9900,10,2
2026-03-05,600519,14:10:30,1396.1300,13,1
2026-03-05,600519,14:10:33,1395.9900,3,2
2026-03-05,600519,14:10:39,1396.0100,1,2
2026-03-05,600519,14:10:42,1396.1200,1,1
2026-03-05,600519,14:10:51,1396.0000,6,2
2026-03-05,600519,14:10:54,1396.1100,5,1
2026-03-05,600519,14:10:57,1395.6600,19,2
2026-03-05,600519,14:11:00,1395.5500,5,2
2026-03-05,600519,14:11:03,1395.4000,13,2
2026-03-05,600519,14:11:06,1395.3600,7,2
2026-03-05,600519,14:11:09,1395.3800,4,2
2026-03-05,600519,14:11:12,1395.3000,3,2
2026-03-05,600519,14:11:15,1395.3800,8,1
2026-03-05,600519,14:11:18,1395.3800,1,1
2026-03-05,600519,14:11:21,1395.3000,1,2
2026-03-05,600519,14:11:24,1395.3600,5,1
2026-03-05,600519,14:11:27,1395.3000,1,2
2026-03-05,600519,14:11:30,1395.3000,7,2
2026-03-05,600519,14:11:33,1395.3600,7,1
2026-03-05,600519,14:11:36,1395.3101,2,2
2026-03-05,600519,14:11:39,1395.3500,4,1
2026-03-05,600519,14:11:42,1395.3000,6,2
2026-03-05,600519,14:11:45,1395.3101,2,2
2026-03-05,600519,14:11:48,1395.3000,2,2
2026-03-05,600519,14:11:51,1395.3500,4,1
2026-03-05,600519,14:11:54,1395.3600,7,1
2026-03-05,600519,14:11:57,1395.3400,6,2
2026-03-05,600519,14:12:00,1395.3500,3,2
2026-03-05,600519,14:12:03,1395.3400,2,2
2026-03-05,600519,14:12:06,1395.3500,4,1
2026-03-05,600519,14:12:09,1395.3400,1,1
2026-03-05,600519,14:12:12,1395.3000,5,2
2026-03-05,600519,14:12:15,1395.2300,18,2
2026-03-05,600519,14:12:18,1395.3500,4,1
2026-03-05,600519,14:12:21,1395.2100,2,2
2026-03-05,600519,14:12:24,1395.2000,3,2
2026-03-05,600519,14:12:27,1395.3400,3,1
2026-03-05,600519,14:12:30,1395.2000,7,2
2026-03-05,600519,14:12:33,1395.3500,2,1
2026-03-05,600519,14:12:36,1395.3600,17,1
2026-03-05,600519,14:12:39,1395.4600,30,1
2026-03-05,600519,14:12:42,1395.9000,7,1
2026-03-05,600519,14:12:45,1395.9000,1,1
2026-03-05,600519,14:12:48,1395.4800,24,2
2026-03-05,600519,14:12:51,1395.4700,2,1
2026-03-05,600519,14:12:54,1395.5601,21,1
2026-03-05,600519,14:12:57,1395.5500,2,1
2026-03-05,600519,14:13:00,1395.4800,1,2
2026-03-05,600519,14:13:03,1395.5500,1,1
2026-03-05,600519,14:13:06,1395.5601,5,1
2026-03-05,600519,14:13:09,1395.6300,13,1
2026-03-05,600519,14:13:12,1395.9000,13,1
2026-03-05,600519,14:13:18,1395.6100,1,2
2026-03-05,600519,14:13:21,1395.8900,7,1
2026-03-05,600519,14:13:24,1395.7000,13,2
2026-03-05,600519,14:13:30,1395.9000,2,2
2026-03-05,600519,14:13:33,1395.9600,3,1
2026-03-05,600519,14:13:36,1395.8900,6,2
2026-03-05,600519,14:13:39,1395.9600,1,1
2026-03-05,600519,14:13:45,1395.9800,5,1
2026-03-05,600519,14:13:48,1396.1000,20,1
2026-03-05,600519,14:13:51,1396.1100,2,1
2026-03-05,600519,14:13:54,1396.1100,6,1
2026-03-05,600519,14:13:57,1396.1200,2,1
2026-03-05,600519,14:14:00,1395.9600,6,2
2026-03-05,600519,14:14:03,1396.1100,2,1
2026-03-05,600519,14:14:06,1396.1300,5,1
2026-03-05,600519,14:14:12,1396.1400,2,1
2026-03-05,600519,14:14:15,1396.1200,2,2
2026-03-05,600519,14:14:18,1396.1300,1,1
2026-03-05,600519,14:14:24,1396.1500,3,1
2026-03-05,600519,14:14:30,1396.1500,4,2
2026-03-05,600519,14:14:33,1396.1500,2,2
2026-03-05,600519,14:14:36,1396.1500,7,2
2026-03-05,600519,14:14:39,1396.1600,4,1
2026-03-05,600519,14:14:42,1396.1200,9,2
2026-03-05,600519,14:14:45,1396.0699,3,2
2026-03-05,600519,14:14:48,1396.1400,2,1
2026-03-05,600519,14:14:51,1396.1400,2,1
2026-03-05,600519,14:14:54,1396.1500,43,1
2026-03-05,600519,14:14:57,1396.1500,1,2
2026-03-05,600519,14:15:00,1396.2200,3,2
2026-03-05,600519,14:15:03,1396.2200,1,2
2026-03-05,600519,14:15:06,1396.6801,5,1
2026-03-05,600519,14:15:09,1396.6700,4,1
2026-03-05,600519,14:15:12,1396.6801,3,1
2026-03-05,600519,14:15:18,1396.6700,1,1
2026-03-05,600519,14:15:21,1396.6600,2,1
2026-03-05,600519,14:15:24,1396.6500,1,1
2026-03-05,600519,14:15:30,1396.6500,1,1
2026-03-05,600519,14:15:33,1396.6600,7,1
2026-03-05,600519,14:15:36,1396.6899,5,1
2026-03-05,600519,14:15:39,1396.7000,2,1
2026-03-05,600519,14:15:42,1396.6899,4,1
2026-03-05,600519,14:15:45,1396.6899,3,1
2026-03-05,600519,14:15:48,1396.6000,7,2
2026-03-05,600519,14:15:51,1396.6000,6,2
2026-03-05,600519,14:15:57,1396.6000,1,2
2026-03-05,600519,14:16:00,1396.7000,12,1
2026-03-05,600519,14:16:03,1396.6000,13,2
2026-03-05,600519,14:16:06,1396.6000,5,2
2026-03-05,600519,14:16:09,1396.6801,4,1
2026-03-05,600519,14:16:15,1396.6899,2,1
2026-03-05,600519,14:16:18,1396.6400,2,1
2026-03-05,600519,14:16:21,1396.6400,1,1
2026-03-05,600519,14:16:24,1396.6000,6,2
2026-03-05,600519,14:16:27,1396.6000,18,2
2026-03-05,600519,14:16:30,1396.5000,37,2
2026-03-05,600519,14:16:33,1396.2800,12,2
2026-03-05,600519,14:16:36,1395.9600,28,2
2026-03-05,600519,14:16:39,1395.8900,17,2
2026-03-05,600519,14:16:42,1395.8600,8,2
2026-03-05,600519,14:16:45,1395.6600,12,2
2026-03-05,600519,14:16:48,1395.6200,20,2
2026-03-05,600519,14:16:51,1395.3800,13,2
2026-03-05,600519,14:16:54,1395.3400,5,2
2026-03-05,600519,14:16:57,1395.3000,12,2
2026-03-05,600519,14:17:00,1395.1801,11,2
2026-03-05,600519,14:17:03,1395.1700,3,2
2026-03-05,600519,14:17:06,1395.1500,6,2
2026-03-05,600519,14:17:09,1395.1000,16,2
2026-03-05,600519,14:17:12,1395.0699,13,2
2026-03-05,600519,14:17:15,1395.0900,5,1
2026-03-05,600519,14:17:18,1395.1700,46,1
2026-03-05,600519,14:17:21,1395.2600,4,1
2026-03-05,600519,14:17:24,1395.2600,4,1
2026-03-05,600519,14:17:27,1395.2700,6,1
2026-03-05,600519,14:17:30,1395.2600,24,1
2026-03-05,600519,14:17:33,1395.2700,7,2
2026-03-05,600519,14:17:36,1395.9500,8,1
2026-03-05,600519,14:17:39,1396.0500,3,1
2026-03-05,600519,14:17:42,1396.0699,1,1
2026-03-05,600519,14:17:45,1396.0699,3,1
2026-03-05,600519,14:17:54,1396.6200,1,1
2026-03-05,600519,14:18:00,1396.6200,14,1
2026-03-05,600519,14:18:03,1396.6300,2,1
2026-03-05,600519,14:18:06,1396.6200,3,1
2026-03-05,600519,14:18:09,1396.6200,4,1
2026-03-05,600519,14:18:12,1396.6300,5,1
2026-03-05,600519,14:18:15,1396.5300,1,1
2026-03-05,600519,14:18:18,1396.2500,4,2
2026-03-05,600519,14:18:24,1396.2500,7,2
2026-03-05,600519,14:18:27,1396.5000,1,1
2026-03-05,600519,14:18:30,1396.2500,2,2
2026-03-05,600519,14:18:33,1396.2500,4,2
2026-03-05,600519,14:18:36,1396.4900,5,1
2026-03-05,600519,14:18:42,1396.4600,1,1
2026-03-05,600519,14:18:48,1396.4500,4,1
2026-03-05,600519,14:18:51,1396.4600,3,1
2026-03-05,600519,14:18:57,1396.2500,4,2
2026-03-05,600519,14:19:00,1396.2500,6,2
2026-03-05,600519,14:19:06,1396.5000,10,1
2026-03-05,600519,14:19:09,1396.4600,2,2
2026-03-05,600519,14:19:12,1396.4900,1,1
2026-03-05,600519,14:19:15,1396.4600,4,2
2026-03-05,600519,14:19:18,1396.4500,5,2
2026-03-05,600519,14:19:21,1396.3600,2,2
2026-03-05,600519,14:19:24,1396.3600,2,1
2026-03-05,600519,14:19:27,1396.2500,13,2
2026-03-05,600519,14:19:30,1396.0000,11,2
2026-03-05,600519,14:19:33,1395.6000,6,2
2026-03-05,600519,14:19:36,1396.2200,9,1
2026-03-05,600519,14:19:42,1395.6700,1,2
2026-03-05,600519,14:19:45,1396.3800,9,1
2026-03-05,600519,14:19:51,1395.7000,6,2
2026-03-05,600519,14:19:54,1396.3900,10,1
2026-03-05,600519,14:19:57,1395.6000,6,2
2026-03-05,600519,14:20:00,1395.7000,1,2
2026-03-05,600519,14:20:03,1396.0000,1,2
2026-03-05,600519,14:20:06,1396.3800,5,1
2026-03-05,600519,14:20:09,1395.6801,5,2
2026-03-05,600519,14:20:12,1395.6801,1,1
2026-03-05,600519,14:20:15,1395.5000,20,2
2026-03-05,600519,14:20:18,1395.6200,4,1
2026-03-05,600519,14:20:21,1395.5000,4,1
2026-03-05,600519,14:20:24,1395.5000,1,2
2026-03-05,600519,14:20:27,1395.6600,2,1
2026-03-05,600519,14:20:30,1395.4900,7,2
2026-03-05,600519,14:20:36,1395.6000,1,1
2026-03-05,600519,14:20:39,1395.5000,1,2
2026-03-05,600519,14:20:42,1395.5000,6,2
2026-03-05,600519,14:20:45,1395.6400,5,1
2026-03-05,600519,14:20:51,1395.6500,1,1
2026-03-05,600519,14:20:54,1395.6400,2,1
2026-03-05,600519,14:20:57,1395.6400,7,2
2026-03-05,600519,14:21:00,1395.4500,4,2
2026-03-05,600519,14:21:03,1395.6400,4,1
2026-03-05,600519,14:21:09,1395.6400,8,1
2026-03-05,600519,14:21:12,1395.6801,16,1
2026-03-05,600519,14:21:18,1395.6400,4,2
2026-03-05,600519,14:21:21,1395.6400,5,2
2026-03-05,600519,14:21:27,1395.4200,4,2
2026-03-05,600519,14:21:30,1395.4200,5,2
2026-03-05,600519,14:21:33,1395.6400,2,1
2026-03-05,600519,14:21:39,1395.6400,10,1
2026-03-05,600519,14:21:42,1395.4000,6,2
2026-03-05,600519,14:21:45,1395.6200,1,1
2026-03-05,600519,14:21:48,1395.3600,3,2
2026-03-05,600519,14:21:51,1395.3600,12,2
2026-03-05,600519,14:21:54,1395.3000,10,2
2026-03-05,600519,14:21:57,1395.2000,11,2
2026-03-05,600519,14:22:00,1395.2000,9,2
2026-03-05,600519,14:22:03,1395.1899,2,4
2026-03-05,600519,14:22:06,1395.1300,10,2
2026-03-05,600519,14:22:09,1395.1801,4,2
2026-03-05,600519,14:22:18,1395.0800,17,2
2026-03-05,600519,14:22:21,1395.1000,3,2
2026-03-05,600519,14:22:24,1395.2700,2,1
2026-03-05,600519,14:22:27,1395.1000,1,2
2026-03-05,600519,14:22:30,1395.0500,12,2
2026-03-05,600519,14:22:33,1395.1100,11,2
2026-03-05,600519,14:22:36,1395.0500,3,2
2026-03-05,600519,14:22:39,1395.0900,11,1
2026-03-05,600519,14:22:42,1395.0100,7,2
2026-03-05,600519,14:22:45,1395.0500,5,1
2026-03-05,600519,14:22:48,1395.0100,2,2
2026-03-05,600519,14:22:51,1395.0500,6,1
2026-03-05,600519,14:22:54,1395.0200,8,2
2026-03-05,600519,14:23:00,1395.1000,65,1
2026-03-05,600519,14:23:03,1395.2100,1,2
2026-03-05,600519,14:23:06,1395.2000,1,2
2026-03-05,600519,14:23:15,1396.3400,1,1
2026-03-05,600519,14:23:21,1395.5000,4,2
2026-03-05,600519,14:23:24,1396.3400,5,1
2026-03-05,600519,14:23:27,1395.4000,1,2
2026-03-05,600519,14:23:30,1395.4100,6,2
2026-03-05,600519,14:23:36,1396.3400,1,1
2026-03-05,600519,14:23:42,1396.3400,3,1
2026-03-05,600519,14:23:45,1396.3400,7,1
2026-03-05,600519,14:23:51,1396.2900,1,1
2026-03-05,600519,14:23:54,1395.6000,10,2
2026-03-05,600519,14:23:57,1396.2900,3,1
2026-03-05,600519,14:24:00,1395.6000,1,2
2026-03-05,600519,14:24:03,1396.2800,2,1
2026-03-05,600519,14:24:06,1395.6100,3,2
2026-03-05,600519,14:24:09,1396.2800,2,1
2026-03-05,600519,14:24:12,1396.2800,1,1
2026-03-05,600519,14:24:15,1396.1200,4,1
2026-03-05,600519,14:24:18,1396.0000,3,1
2026-03-05,600519,14:24:21,1396.1100,2,1
2026-03-05,600519,14:24:24,1395.6100,5,2
2026-03-05,600519,14:24:27,1395.5699,6,2
2026-03-05,600519,14:24:30,1395.5601,7,2
2026-03-05,600519,14:24:33,1395.5500,5,2
2026-03-05,600519,14:24:36,1395.5000,12,2
2026-03-05,600519,14:24:39,1395.5000,15,2
2026-03-05,600519,14:24:42,1395.5000,5,2
2026-03-05,600519,14:24:45,1395.5000,3,2
2026-03-05,600519,14:24:48,1395.5900,1,1
2026-03-05,600519,14:24:51,1395.5900,2,1
2026-03-05,600519,14:24:54,1395.5900,2,1
2026-03-05,600519,14:24:57,1395.5900,3,1
2026-03-05,600519,14:25:00,1395.5800,10,2
2026-03-05,600519,14:25:03,1395.5900,9,2
2026-03-05,600519,14:25:06,1395.5000,7,2
2026-03-05,600519,14:25:09,1395.6300,2,1
2026-03-05,600519,14:25:12,1395.5000,14,2
2026-03-05,600519,14:25:15,1395.6300,3,1
2026-03-05,600519,14:25:18,1395.6600,2,1
2026-03-05,600519,14:25:21,1395.6700,2,1
2026-03-05,600519,14:25:27,1395.6700,4,1
2026-03-05,600519,14:25:30,1395.6300,4,2
2026-03-05,600519,14:25:33,1395.6600,3,1
2026-03-05,600519,14:25:36,1395.6700,3,1
2026-03-05,600519,14:25:42,1395.6600,1,2
2026-03-05,600519,14:25:45,1395.6400,13,2
2026-03-05,600519,14:25:48,1395.6300,11,2
2026-03-05,600519,14:25:51,1395.6400,7,2
2026-03-05,600519,14:25:54,1395.6400,5,1
2026-03-05,600519,14:25:57,1395.6400,3,1
2026-03-05,600519,14:26:00,1395.5900,5,2
2026-03-05,600519,14:26:06,1395.6500,6,1
2026-03-05,600519,14:26:09,1395.4100,19,2
2026-03-05,600519,14:26:12,1395.5500,3,1
2026-03-05,600519,14:26:15,1395.3400,21,2
2026-03-05,600519,14:26:18,1395.5400,10,1
2026-03-05,600519,14:26:21,1395.3300,2,2
2026-03-05,600519,14:26:27,1395.5300,1,1
2026-03-05,600519,14:26:30,1395.3500,4,2
2026-03-05,600519,14:26:33,1395.3500,1,2
2026-03-05,600519,14:26:39,1395.5300,3,1
2026-03-05,600519,14:26:42,1395.5400,3,1
2026-03-05,600519,14:26:45,1395.4301,13,2
2026-03-05,600519,14:26:48,1395.5400,2,1
2026-03-05,600519,14:26:51,1395.4000,3,2
2026-03-05,600519,14:26:54,1395.5400,3,1
2026-03-05,600519,14:26:57,1395.5400,4,1
2026-03-05,600519,14:27:00,1395.4000,2,2
2026-03-05,600519,14:27:03,1395.3600,4,2
2026-03-05,600519,14:27:06,1395.3300,2,2
2026-03-05,600519,14:27:09,1395.3300,2,2
2026-03-05,600519,14:27:12,1395.3000,10,2
2026-03-05,600519,14:27:15,1395.2000,13,2
2026-03-05,600519,14:27:18,1395.1801,8,2
2026-03-05,600519,14:27:21,1395.1000,8,2
2026-03-05,600519,14:27:24,1395.1000,5,2
2026-03-05,600519,14:27:27,1395.0500,7,2
2026-03-05,600519,14:27:30,1395.0200,6,2
2026-03-05,600519,14:27:33,1395.0200,4,2
2026-03-05,600519,14:27:36,1395.0300,9,1
2026-03-05,600519,14:27:39,1395.0200,9,2
2026-03-05,600519,14:27:42,1395.0100,4,2
2026-03-05,600519,14:27:45,1395.0100,8,2
2026-03-05,600519,14:27:48,1395.0100,9,2
2026-03-05,600519,14:27:51,1395.0200,14,1
2026-03-05,600519,14:27:54,1395.0200,4,1
2026-03-05,600519,14:27:57,1395.1801,54,1
2026-03-05,600519,14:28:00,1395.0100,9,2
2026-03-05,600519,14:28:03,1395.0100,5,2
2026-03-05,600519,14:28:06,1395.0200,2,2
2026-03-05,600519,14:28:09,1395.1000,2,1
2026-03-05,600519,14:28:12,1395.1000,1,1
2026-03-05,600519,14:28:15,1395.1000,1,1
2026-03-05,600519,14:28:18,1395.1801,4,1
2026-03-05,600519,14:28:21,1395.1000,3,2
2026-03-05,600519,14:28:24,1395.2000,6,1
2026-03-05,600519,14:28:30,1395.2000,10,1
2026-03-05,600519,14:28:33,1395.2300,10,1
2026-03-05,600519,14:28:36,1395.2300,7,1
2026-03-05,600519,14:28:39,1395.5500,5,1
2026-03-05,600519,14:28:42,1395.2300,5,2
2026-03-05,600519,14:28:45,1395.2700,2,2
2026-03-05,600519,14:28:51,1395.6300,4,1
2026-03-05,600519,14:28:54,1395.6300,2,1
2026-03-05,600519,14:28:57,1395.2500,1,2
2026-03-05,600519,14:29:00,1395.4399,1,2
2026-03-05,600519,14:29:03,1395.1801,18,2
2026-03-05,600519,14:29:06,1395.2000,4,1
2026-03-05,600519,14:29:09,1395.2000,5,1
2026-03-05,600519,14:29:12,1395.1100,3,2
2026-03-05,600519,14:29:15,1395.2100,2,1
2026-03-05,600519,14:29:21,1395.2900,74,1
2026-03-05,600519,14:29:24,1395.3000,1,2
2026-03-05,600519,14:29:27,1395.9900,1,1
2026-03-05,600519,14:29:30,1395.3800,4,2
2026-03-05,600519,14:29:33,1395.3800,1,2
2026-03-05,600519,14:29:36,1395.3900,1,2
2026-03-05,600519,14:29:42,1395.9600,1,1
2026-03-05,600519,14:29:45,1395.3800,11,2
2026-03-05,600519,14:29:48,1395.5000,5,2
2026-03-05,600519,14:29:51,1395.5000,5,1
2026-03-05,600519,14:29:54,1395.3400,6,2
2026-03-05,600519,14:29:57,1395.2900,4,2
2026-03-05,600519,14:30:00,1395.2800,3,2
2026-03-05,600519,14:30:06,1395.4900,2,1
2026-03-05,600519,14:30:09,1395.3500,1,2
2026-03-05,600519,14:30:12,1395.2400,2,2
2026-03-05,600519,14:30:15,1395.2000,20,2
2026-03-05,600519,14:30:18,1395.4399,4,1
2026-03-05,600519,14:30:21,1395.2100,3,2
2026-03-05,600519,14:30:24,1395.2100,1,4
2026-03-05,600519,14:30:27,1395.2100,19,4
2026-03-05,600519,14:30:30,1395.2100,8,4
2026-03-05,600519,14:30:33,1395.2000,3,2
2026-03-05,600519,14:30:36,1395.2100,2,4
2026-03-05,600519,14:30:39,1395.2100,2,1
2026-03-05,600519,14:30:42,1395.2200,2,1
2026-03-05,600519,14:30:45,1395.2000,16,2
2026-03-05,600519,14:30:48,1395.2100,2,4
2026-03-05,600519,14:30:51,1395.2200,3,1
2026-03-05,600519,14:30:54,1395.2200,3,1
2026-03-05,600519,14:30:57,1395.2000,14,2
2026-03-05,600519,14:31:00,1395.2000,11,2
2026-03-05,600519,14:31:03,1395.2000,10,2
2026-03-05,600519,14:31:06,1395.2000,11,2
2026-03-05,600519,14:31:09,1395.2000,11,2
2026-03-05,600519,14:31:12,1395.2100,6,2
2026-03-05,600519,14:31:15,1395.2700,3,1
2026-03-05,600519,14:31:18,1395.2600,3,1
2026-03-05,600519,14:31:21,1395.2200,3,2
2026-03-05,600519,14:31:30,1395.2000,8,2
2026-03-05,600519,14:31:33,1395.2400,5,1
2026-03-05,600519,14:31:36,1395.2400,4,1
2026-03-05,600519,14:31:39,1395.2000,2,2
2026-03-05,600519,14:31:42,1395.0800,52,2
2026-03-05,600519,14:31:45,1395.0500,4,2
2026-03-05,600519,14:31:48,1395.1400,10,1
2026-03-05,600519,14:31:51,1395.0500,4,2
2026-03-05,600519,14:31:57,1395.0300,6,2
2026-03-05,600519,14:32:00,1395.0500,2,2
2026-03-05,600519,14:32:03,1395.1400,2,1
2026-03-05,600519,14:32:06,1395.1300,5,1
2026-03-05,600519,14:32:12,1395.2000,11,1
2026-03-05,600519,14:32:15,1395.2200,42,1
2026-03-05,600519,14:32:18,1395.2800,6,1
2026-03-05,600519,14:32:21,1395.2300,3,1
2026-03-05,600519,14:32:24,1395.3000,1,1
2026-03-05,600519,14:32:27,1395.1500,9,2
2026-03-05,600519,14:32:30,1395.1300,3,2
2026-03-05,600519,14:32:33,1395.2900,1,1
2026-03-05,600519,14:32:39,1395.2800,4,1
2026-03-05,600519,14:32:42,1395.1500,1,2
2026-03-05,600519,14:32:45,1395.1200,7,2
2026-03-05,600519,14:32:48,1395.1300,5,2
2026-03-05,600519,14:32:51,1395.2800,6,1
2026-03-05,600519,14:32:54,1395.0500,24,2
2026-03-05,600519,14:32:57,1395.1100,22,4
2026-03-05,600519,14:33:00,1395.0500,13,2
2026-03-05,600519,14:33:03,1395.0000,40,2
2026-03-05,600519,14:33:06,1395.0400,18,1
2026-03-05,600519,14:33:09,1395.0100,10,2
2026-03-05,600519,14:33:12,1395.0000,22,2
2026-03-05,600519,14:33:15,1395.1000,7,1
2026-03-05,600519,14:33:18,1395.1100,3,1
2026-03-05,600519,14:33:21,1395.0400,3,2
2026-03-05,600519,14:33:24,1395.0900,4,1
2026-03-05,600519,14:33:27,1395.1000,3,1
2026-03-05,600519,14:33:30,1395.0400,7,2
2026-03-05,600519,14:33:33,1395.1100,1,1
2026-03-05,600519,14:33:36,1395.0400,3,2
2026-03-05,600519,14:33:42,1395.1000,4,1
2026-03-05,600519,14:33:45,1395.1100,1,1
2026-03-05,600519,14:33:48,1395.1100,2,1
2026-03-05,600519,14:33:51,1395.0900,1,2
2026-03-05,600519,14:33:54,1395.1000,3,2
2026-03-05,600519,14:33:57,1395.0900,1,1
2026-03-05,600519,14:34:00,1395.0800,4,2
2026-03-05,600519,14:34:03,1395.0800,3,2
2026-03-05,600519,14:34:06,1395.0500,20,2
2026-03-05,600519,14:34:09,1395.0100,15,2
2026-03-05,600519,14:34:12,1395.0300,8,2
2026-03-05,600519,14:34:15,1395.0699,4,1
2026-03-05,600519,14:34:18,1395.0601,10,4
2026-03-05,600519,14:34:21,1395.0100,8,2
2026-03-05,600519,14:34:24,1395.0699,14,1
2026-03-05,600519,14:34:30,1395.0000,8,2
2026-03-05,600519,14:34:33,1395.0800,2,1
2026-03-05,600519,14:34:36,1395.0800,1,1
2026-03-05,600519,14:34:39,1395.0800,4,1
2026-03-05,600519,14:34:42,1395.0000,9,2
2026-03-05,600519,14:34:45,1395.0601,1,1
2026-03-05,600519,14:34:48,1395.0699,3,1
2026-03-05,600519,14:34:51,1395.0699,2,1
2026-03-05,600519,14:34:57,1395.0699,4,1
2026-03-05,600519,14:35:00,1395.0000,5,2
2026-03-05,600519,14:35:03,1395.0000,1,2
2026-03-05,600519,14:35:06,1395.0000,13,2
2026-03-05,600519,14:35:09,1395.0900,7,1
2026-03-05,600519,14:35:12,1395.0900,2,2
2026-03-05,600519,14:35:15,1395.0100,3,2
2026-03-05,600519,14:35:18,1395.0699,4,1
2026-03-05,600519,14:35:21,1395.0800,9,1
2026-03-05,600519,14:35:24,1395.0800,2,2
2026-03-05,600519,14:35:27,1395.0900,2,1
2026-03-05,600519,14:35:30,1395.0800,4,2
2026-03-05,600519,14:35:33,1395.0800,3,2
2026-03-05,600519,14:35:36,1395.0800,3,2
2026-03-05,600519,14:35:39,1395.0200,5,2
2026-03-05,600519,14:35:42,1395.0900,3,2
2026-03-05,600519,14:35:45,1395.1000,4,1
2026-03-05,600519,14:35:48,1395.0900,3,2
2026-03-05,600519,14:35:51,1395.1000,5,2
2026-03-05,600519,14:35:54,1395.0100,11,2
2026-03-05,600519,14:35:57,1395.0100,16,2
2026-03-05,600519,14:36:00,1395.0300,5,2
2026-03-05,600519,14:36:03,1395.6600,78,1
2026-03-05,600519,14:36:06,1395.1100,11,2
2026-03-05,600519,14:36:12,1396.4700,5,1
2026-03-05,600519,14:36:15,1396.4900,1,1
2026-03-05,600519,14:36:18,1396.5100,4,1
2026-03-05,600519,14:36:21,1395.6200,1,2
2026-03-05,600519,14:36:27,1396.5200,2,1
2026-03-05,600519,14:36:30,1395.6200,3,2
2026-03-05,600519,14:36:36,1395.8199,3,2
2026-03-05,600519,14:36:39,1396.0000,2,2
2026-03-05,600519,14:36:42,1396.0000,7,2
2026-03-05,600519,14:36:45,1396.3199,1,1
2026-03-05,600519,14:36:51,1395.8600,6,2
2026-03-05,600519,14:36:54,1395.5200,9,2
2026-03-05,600519,14:36:57,1395.9800,2,1
2026-03-05,600519,14:37:00,1395.6300,6,2
2026-03-05,600519,14:37:03,1395.9800,5,1
2026-03-05,600519,14:37:06,1396.0100,5,1
2026-03-05,600519,14:37:12,1396.0100,1,1
2026-03-05,600519,14:37:15,1395.8700,3,2
2026-03-05,600519,14:37:18,1395.8300,2,2
2026-03-05,600519,14:37:21,1395.8700,3,2
2026-03-05,600519,14:37:24,1395.9900,1,1
2026-03-05,600519,14:37:27,1395.6600,5,2
2026-03-05,600519,14:37:30,1395.6700,32,2
2026-03-05,600519,14:37:33,1395.6600,2,2
2026-03-05,600519,14:37:36,1396.0800,2,1
2026-03-05,600519,14:37:42,1395.6400,2,2
2026-03-05,600519,14:37:45,1395.6300,3,2
2026-03-05,600519,14:37:54,1395.6300,3,2
2026-03-05,600519,14:37:57,1395.8300,4,1
2026-03-05,600519,14:38:00,1395.6200,6,2
2026-03-05,600519,14:38:03,1395.8400,2,1
2026-03-05,600519,14:38:06,1395.6801,2,2
2026-03-05,600519,14:38:09,1395.8000,4,1
2026-03-05,600519,14:38:12,1396.0900,50,1
2026-03-05,600519,14:38:15,1396.0000,1,2
2026-03-05,600519,14:38:18,1396.3000,7,1
2026-03-05,600519,14:38:21,1396.3400,5,1
2026-03-05,600519,14:38:24,1396.4100,1,1
2026-03-05,600519,14:38:27,1396.5100,2,1
2026-03-05,600519,14:38:30,1396.2700,3,2
2026-03-05,600519,14:38:33,1396.4100,5,1
2026-03-05,600519,14:38:39,1396.4000,3,1
2026-03-05,600519,14:38:42,1396.4000,2,1
2026-03-05,600519,14:38:45,1396.4100,3,1
2026-03-05,600519,14:38:48,1396.4000,1,2
2026-03-05,600519,14:38:51,1396.2800,5,2
2026-03-05,600519,14:38:54,1396.3400,1,1
2026-03-05,600519,14:38:57,1396.2800,3,2
2026-03-05,600519,14:39:00,1396.2900,5,2
2026-03-05,600519,14:39:03,1396.2800,4,2
2026-03-05,600519,14:39:06,1396.2100,5,2
2026-03-05,600519,14:39:09,1396.0000,3,2
2026-03-05,600519,14:39:12,1396.0900,2,1
2026-03-05,600519,14:39:15,1395.8400,7,2
2026-03-05,600519,14:39:18,1396.0000,2,1
2026-03-05,600519,14:39:21,1395.9800,4,1
2026-03-05,600519,14:39:24,1395.7900,8,2
2026-03-05,600519,14:39:27,1395.7900,1,2
2026-03-05,600519,14:39:30,1395.7900,3,2
2026-03-05,600519,14:39:33,1395.9700,5,1
2026-03-05,600519,14:39:36,1395.6000,5,2
2026-03-05,600519,14:39:39,1395.9500,1,1
2026-03-05,600519,14:39:42,1395.9900,4,1
2026-03-05,600519,14:39:45,1395.9500,2,1
2026-03-05,600519,14:39:48,1395.9600,12,1
2026-03-05,600519,14:39:51,1395.9600,2,1
2026-03-05,600519,14:39:54,1395.7700,4,2
2026-03-05,600519,14:39:57,1395.9600,14,1
2026-03-05,600519,14:40:00,1395.5100,6,2
2026-03-05,600519,14:40:03,1395.9600,4,1
2026-03-05,600519,14:40:06,1396.0300,18,1
2026-03-05,600519,14:40:09,1396.0300,2,2
2026-03-05,600519,14:40:12,1396.0400,1,1
2026-03-05,600519,14:40:15,1396.3400,29,1
2026-03-05,600519,14:40:18,1396.2300,1,2
2026-03-05,600519,14:40:21,1396.2200,17,2
2026-03-05,600519,14:40:24,1396.5100,23,1
2026-03-05,600519,14:40:27,1396.5300,7,1
2026-03-05,600519,14:40:30,1396.4200,11,2
2026-03-05,600519,14:40:33,1396.4100,3,2
2026-03-05,600519,14:40:36,1396.3500,5,2
2026-03-05,600519,14:40:39,1396.3500,3,2
2026-03-05,600519,14:40:42,1396.3900,6,1
2026-03-05,600519,14:40:45,1396.4000,8,1
2026-03-05,600519,14:40:51,1396.3900,5,1
2026-03-05,600519,14:40:54,1396.3500,4,1
2026-03-05,600519,14:40:57,1396.0000,10,2
2026-03-05,600519,14:41:00,1395.9900,5,2
2026-03-05,600519,14:41:03,1396.0000,11,1
2026-03-05,600519,14:41:06,1396.0699,6,1
2026-03-05,600519,14:41:09,1396.0000,2,2
2026-03-05,600519,14:41:12,1396.0699,2,1
2026-03-05,600519,14:41:15,1396.0000,2,2
2026-03-05,600519,14:41:18,1396.0000,7,2
2026-03-05,600519,14:41:21,1395.9900,2,1
2026-03-05,600519,14:41:24,1395.9600,2,2
2026-03-05,600519,14:41:27,1395.9900,3,1
2026-03-05,600519,14:41:30,1395.9900,7,2
2026-03-05,600519,14:41:33,1396.0000,2,1
2026-03-05,600519,14:41:36,1395.9600,3,2
2026-03-05,600519,14:41:39,1395.9900,3,1
2026-03-05,600519,14:41:42,1395.9900,12,1
2026-03-05,600519,14:41:48,1395.9900,2,1
2026-03-05,600519,14:41:51,1395.9800,3,1
2026-03-05,600519,14:41:54,1395.9900,2,1
2026-03-05,600519,14:41:57,1395.9900,2,1
2026-03-05,600519,14:42:00,1395.9800,3,2
2026-03-05,600519,14:42:03,1395.9900,1,1
2026-03-05,600519,14:42:06,1396.0000,11,1
2026-03-05,600519,14:42:09,1396.0000,3,2
2026-03-05,600519,14:42:15,1396.0000,5,2
2026-03-05,600519,14:42:18,1396.0100,5,2
2026-03-05,600519,14:42:21,1396.0000,4,2
2026-03-05,600519,14:42:24,1396.0000,9,2
2026-03-05,600519,14:42:27,1396.0000,4,2
2026-03-05,600519,14:42:30,1395.9800,11,2
2026-03-05,600519,14:42:33,1395.9700,14,1
2026-03-05,600519,14:42:36,1395.9800,1,1
2026-03-05,600519,14:42:39,1395.9800,2,1
2026-03-05,600519,14:42:42,1396.0100,1,2
2026-03-05,600519,14:42:45,1395.9800,8,2
2026-03-05,600519,14:42:51,1396.0200,2,1
2026-03-05,600519,14:42:54,1396.0000,1,4
2026-03-05,600519,14:42:57,1395.9800,1,2
2026-03-05,600519,14:43:00,1395.9800,3,2
2026-03-05,600519,14:43:03,1395.9800,7,2
2026-03-05,600519,14:43:06,1395.6000,13,2
2026-03-05,600519,14:43:09,1395.5300,23,2
2026-03-05,600519,14:43:12,1396.0601,10,1
2026-03-05,600519,14:43:15,1396.1600,8,1
2026-03-05,600519,14:43:18,1396.2800,17,1
2026-03-05,600519,14:43:21,1396.1600,9,2
2026-03-05,600519,14:43:24,1397.2000,1,1
2026-03-05,600519,14:43:27,1396.2900,8,2
2026-03-05,600519,14:43:30,1396.3101,10,2
2026-03-05,600519,14:43:33,1397.2800,1,1
2026-03-05,600519,14:43:36,1397.2900,4,2
2026-03-05,600519,14:43:39,1397.3600,5,1
2026-03-05,600519,14:43:42,1397.2900,3,1
2026-03-05,600519,14:43:45,1397.3600,1,1
2026-03-05,600519,14:43:48,1397.3500,1,1
2026-03-05,600519,14:43:51,1397.3400,1,1
2026-03-05,600519,14:43:54,1397.3300,22,1
2026-03-05,600519,14:43:57,1397.2300,3,1
2026-03-05,600519,14:44:00,1396.3199,7,2
2026-03-05,600519,14:44:03,1397.2600,1,1
2026-03-05,600519,14:44:06,1397.2600,1,1
2026-03-05,600519,14:44:09,1397.2300,3,1
2026-03-05,600519,14:44:15,1397.2000,5,1
2026-03-05,600519,14:44:18,1397.2000,10,1
2026-03-05,600519,14:44:21,1397.1801,2,1
2026-03-05,600519,14:44:24,1397.1700,1,1
2026-03-05,600519,14:44:27,1396.3199,4,2
2026-03-05,600519,14:44:30,1396.3300,2,2
2026-03-05,600519,14:44:33,1396.3101,3,2
2026-03-05,600519,14:44:36,1397.0000,16,1
2026-03-05,600519,14:44:39,1397.0000,5,1
2026-03-05,600519,14:44:42,1396.2300,4,2
2026-03-05,600519,14:44:45,1397.0000,8,1
2026-03-05,600519,14:44:48,1397.0000,16,1
2026-03-05,600519,14:44:51,1396.9900,3,1
2026-03-05,600519,14:44:54,1396.3300,1,2
2026-03-05,600519,14:44:57,1396.3300,7,1
2026-03-05,600519,14:45:00,1396.2700,4,2
2026-03-05,600519,14:45:03,1396.3300,3,1
2026-03-05,600519,14:45:06,1396.3101,2,2
2026-03-05,600519,14:45:09,1396.3199,6,2
2026-03-05,600519,14:45:12,1396.3900,12,1
2026-03-05,600519,14:45:15,1396.4000,5,1
2026-03-05,600519,14:45:18,1396.4000,5,1
2026-03-05,600519,14:45:21,1396.9900,10,1
2026-03-05,600519,14:45:24,1396.4600,1,1
2026-03-05,600519,14:45:27,1396.3101,1,2
2026-03-05,600519,14:45:30,1396.3000,4,2
2026-03-05,600519,14:45:33,1396.4600,1,1
2026-03-05,600519,14:45:36,1396.5300,3,1
2026-03-05,600519,14:45:39,1396.5900,4,1
2026-03-05,600519,14:45:42,1397.1700,12,1
2026-03-05,600519,14:45:45,1396.9700,2,1
2026-03-05,600519,14:45:48,1396.9800,9,1
2026-03-05,600519,14:45:51,1396.4700,3,2
2026-03-05,600519,14:45:54,1396.9500,1,1
2026-03-05,600519,14:45:57,1396.9600,1,1
2026-03-05,600519,14:46:00,1396.9700,8,1
2026-03-05,600519,14:46:03,1397.0500,7,1
2026-03-05,600519,14:46:06,1396.9700,6,2
2026-03-05,600519,14:46:09,1396.8101,40,2
2026-03-05,600519,14:46:12,1396.8101,7,1
2026-03-05,600519,14:46:15,1396.8101,6,1
2026-03-05,600519,14:46:18,1396.8199,9,1
2026-03-05,600519,14:46:21,1396.8101,4,2
2026-03-05,600519,14:46:24,1396.8199,2,1
2026-03-05,600519,14:46:27,1396.8101,6,2
2026-03-05,600519,14:46:30,1396.8101,4,2
2026-03-05,600519,14:46:33,1396.8000,1,1
2026-03-05,600519,14:46:36,1396.8101,4,1
2026-03-05,600519,14:46:39,1396.8300,6,1
2026-03-05,600519,14:46:42,1396.8300,4,2
2026-03-05,600519,14:46:48,1396.8199,3,2
2026-03-05,600519,14:46:51,1396.8500,6,1
2026-03-05,600519,14:46:54,1396.8300,6,1
2026-03-05,600519,14:46:57,1396.8000,10,2
2026-03-05,600519,14:47:00,1396.8101,3,2
2026-03-05,600519,14:47:03,1396.8600,5,1
2026-03-05,600519,14:47:06,1396.8900,7,1
2026-03-05,600519,14:47:12,1396.8500,3,2
2026-03-05,600519,14:47:15,1396.8800,7,1
2026-03-05,600519,14:47:18,1396.9000,6,1
2026-03-05,600519,14:47:24,1396.9100,2,1
2026-03-05,600519,14:47:27,1396.9200,4,1
2026-03-05,600519,14:47:30,1396.9100,5,4
2026-03-05,600519,14:47:33,1396.9399,2,1
2026-03-05,600519,14:47:39,1396.9100,2,2
2026-03-05,600519,14:47:42,1396.9100,3,2
2026-03-05,600519,14:47:45,1396.8900,6,2
2026-03-05,600519,14:47:48,1396.9399,4,1
2026-03-05,600519,14:47:51,1396.9399,1,1
2026-03-05,600519,14:47:54,1396.9399,4,1
2026-03-05,600519,14:47:57,1396.9399,11,1
2026-03-05,600519,14:48:00,1396.8900,3,2
2026-03-05,600519,14:48:03,1396.8900,12,2
2026-03-05,600519,14:48:06,1396.9399,1,1
2026-03-05,600519,14:48:09,1396.8900,2,2
2026-03-05,600519,14:48:12,1396.8900,2,2
2026-03-05,600519,14:48:15,1396.9000,2,2
2026-03-05,600519,14:48:18,1396.9000,4,2
2026-03-05,600519,14:48:24,1396.8900,2,2
2026-03-05,600519,14:48:27,1396.8900,5,2
2026-03-05,600519,14:48:30,1396.8900,6,2
2026-03-05,600519,14:48:33,1396.8900,3,1
2026-03-05,600519,14:48:36,1396.8600,2,2
2026-03-05,600519,14:48:39,1397.0100,24,1
2026-03-05,600519,14:48:42,1397.1700,5,1
2026-03-05,600519,14:48:45,1396.9200,4,1
2026-03-05,600519,14:48:48,1397.1000,2,1
2026-03-05,600519,14:48:51,1396.9301,3,2
2026-03-05,600519,14:48:57,1397.1100,3,1
2026-03-05,600519,14:49:00,1397.1100,4,1
2026-03-05,600519,14:49:03,1397.1200,14,1
2026-03-05,600519,14:49:06,1397.2200,11,1
2026-03-05,600519,14:49:09,1397.2300,14,1
2026-03-05,600519,14:49:12,1397.9900,3,1
2026-03-05,600519,14:49:15,1398.0000,12,1
2026-03-05,600519,14:49:18,1397.9900,2,1
2026-03-05,600519,14:49:21,1398.4000,5,1
2026-03-05,600519,14:49:24,1397.9800,2,1
2026-03-05,600519,14:49:27,1397.2300,9,2
2026-03-05,600519,14:49:30,1397.2200,3,2
2026-03-05,600519,14:49:33,1397.1600,3,2
2026-03-05,600519,14:49:36,1396.8600,23,2
2026-03-05,600519,14:49:39,1397.0800,12,1
2026-03-05,600519,14:49:42,1397.1200,6,1
2026-03-05,600519,14:49:45,1397.0000,2,2
2026-03-05,600519,14:49:48,1397.9700,9,1
2026-03-05,600519,14:49:51,1396.9100,2,2
2026-03-05,600519,14:49:54,1397.9900,3,1
2026-03-05,600519,14:49:57,1397.7900,7,2
2026-03-05,600519,14:50:00,1397.1100,7,2
2026-03-05,600519,14:50:03,1397.9900,5,1
2026-03-05,600519,14:50:06,1397.9900,1,1
2026-03-05,600519,14:50:09,1398.0000,8,1
2026-03-05,600519,14:50:12,1398.0000,1,1
2026-03-05,600519,14:50:15,1398.0000,3,1
2026-03-05,600519,14:50:18,1398.0000,7,1
2026-03-05,600519,14:50:21,1398.0400,3,1
2026-03-05,600519,14:50:30,1398.0400,7,2
2026-03-05,600519,14:50:33,1398.4399,15,1
2026-03-05,600519,14:50:36,1398.8000,3,1
2026-03-05,600519,14:50:39,1399.0000,9,1
2026-03-05,600519,14:50:42,1398.9000,5,1
2026-03-05,600519,14:50:45,1398.4200,4,2
2026-03-05,600519,14:50:48,1398.8900,5,1
2026-03-05,600519,14:50:51,1398.9200,20,1
2026-03-05,600519,14:50:54,1398.8800,1,1
2026-03-05,600519,14:50:57,1398.9900,3,1
2026-03-05,600519,14:51:00,1398.8900,17,2
2026-03-05,600519,14:51:03,1399.4600,11,1
2026-03-05,600519,14:51:06,1399.4000,1,1
2026-03-05,600519,14:51:09,1399.4000,8,1
2026-03-05,600519,14:51:12,1399.4500,8,1
2026-03-05,600519,14:51:15,1399.4600,3,1
2026-03-05,600519,14:51:18,1399.0200,2,2
2026-03-05,600519,14:51:21,1399.0200,5,1
2026-03-05,600519,14:51:24,1399.1200,1,1
2026-03-05,600519,14:51:27,1399.4600,5,1
2026-03-05,600519,14:51:30,1398.8101,7,2
2026-03-05,600519,14:51:36,1398.8800,7,2
2026-03-05,600519,14:51:39,1399.3400,1,1
2026-03-05,600519,14:51:42,1399.0200,7,2
2026-03-05,600519,14:51:51,1399.0200,1,2
2026-03-05,600519,14:51:54,1399.3199,2,1
2026-03-05,600519,14:51:57,1399.3600,7,1
2026-03-05,600519,14:52:00,1399.0100,6,2
2026-03-05,600519,14:52:03,1399.4000,4,1
2026-03-05,600519,14:52:06,1399.5000,6,1
2026-03-05,600519,14:52:09,1399.3199,1,2
2026-03-05,600519,14:52:15,1399.4600,2,1
2026-03-05,600519,14:52:18,1399.4700,3,1
2026-03-05,600519,14:52:24,1399.4700,1,1
2026-03-05,600519,14:52:27,1399.4700,2,1
2026-03-05,600519,14:52:30,1399.4900,7,1
2026-03-05,600519,14:52:33,1399.4900,5,1
2026-03-05,600519,14:52:36,1399.7900,5,1
2026-03-05,600519,14:52:39,1399.8000,4,1
2026-03-05,600519,14:52:42,1399.7900,3,1
2026-03-05,600519,14:52:45,1399.8900,14,1
2026-03-05,600519,14:52:48,1399.7900,1,1
2026-03-05,600519,14:52:54,1399.7800,6,1
2026-03-05,600519,14:52:57,1399.2900,18,2
2026-03-05,600519,14:53:00,1398.7700,34,2
2026-03-05,600519,14:53:03,1398.0000,25,2
2026-03-05,600519,14:53:06,1398.0000,6,2
2026-03-05,600519,14:53:12,1398.7700,5,1
2026-03-05,600519,14:53:15,1399.2600,12,1
2026-03-05,600519,14:53:18,1399.4600,13,1
2026-03-05,600519,14:53:21,1399.4500,1,1
2026-03-05,600519,14:53:24,1398.4000,10,2
2026-03-05,600519,14:53:27,1398.5400,2,2
2026-03-05,600519,14:53:30,1398.5000,8,2
2026-03-05,600519,14:53:33,1398.5000,7,2
2026-03-05,600519,14:53:36,1398.9000,14,2
2026-03-05,600519,14:53:39,1398.3600,6,2
2026-03-05,600519,14:53:42,1398.4200,3,2
2026-03-05,600519,14:53:45,1398.8900,3,1
2026-03-05,600519,14:53:48,1398.8700,4,1
2026-03-05,600519,14:53:51,1398.1700,31,2
2026-03-05,600519,14:53:54,1398.1600,18,2
2026-03-05,600519,14:53:57,1398.1400,1,1
2026-03-05,600519,14:54:00,1398.0100,24,2
2026-03-05,600519,14:54:03,1398.1600,9,1
2026-03-05,600519,14:54:06,1398.2200,4,2
2026-03-05,600519,14:54:09,1399.3000,13,1
2026-03-05,600519,14:54:12,1399.4301,10,1
2026-03-05,600519,14:54:15,1399.4399,2,1
2026-03-05,600519,14:54:18,1398.9100,1,2
2026-03-05,600519,14:54:21,1398.9100,6,2
2026-03-05,600519,14:54:24,1398.9100,2,2
2026-03-05,600519,14:54:27,1398.9200,2,2
2026-03-05,600519,14:54:30,1398.9100,4,2
2026-03-05,600519,14:54:33,1398.9399,4,1
2026-03-05,600519,14:54:36,1398.9000,2,2
2026-03-05,600519,14:54:39,1398.8800,3,2
2026-03-05,600519,14:54:42,1398.9399,3,2
2026-03-05,600519,14:54:45,1398.9399,2,2
2026-03-05,600519,14:54:48,1398.9100,5,2
2026-03-05,600519,14:54:51,1398.9000,4,2
2026-03-05,600519,14:54:54,1398.8800,1,2
2026-03-05,600519,14:54:57,1398.8800,7,2
2026-03-05,600519,14:55:00,1398.5000,7,2
2026-03-05,600519,14:55:03,1398.8199,6,1
2026-03-05,600519,14:55:06,1398.8000,7,1
2026-03-05,600519,14:55:09,1398.8101,9,1
2026-03-05,600519,14:55:12,1398.8101,4,2
2026-03-05,600519,14:55:15,1398.6600,3,2
2026-03-05,600519,14:55:18,1398.8101,3,1
2026-03-05,600519,14:55:21,1398.5900,7,2
2026-03-05,600519,14:55:24,1398.8000,6,1
2026-03-05,600519,14:55:27,1398.8101,4,1
2026-03-05,600519,14:55:30,1398.6400,7,2
2026-03-05,600519,14:55:33,1398.8700,8,1
2026-03-05,600519,14:55:36,1398.8600,5,2
2026-03-05,600519,14:55:39,1399.0000,12,1
2026-03-05,600519,14:55:42,1398.8000,12,2
2026-03-05,600519,14:55:45,1399.0300,1,1
2026-03-05,600519,14:55:48,1398.9000,3,2
2026-03-05,600519,14:55:51,1398.8000,3,2
2026-03-05,600519,14:55:54,1398.6600,6,2
2026-03-05,600519,14:55:57,1398.7700,6,1
2026-03-05,600519,14:56:00,1399.2900,9,1
2026-03-05,600519,14:56:03,1399.2900,11,1
2026-03-05,600519,14:56:06,1398.7700,6,2
2026-03-05,600519,14:56:09,1398.8500,12,2
2026-03-05,600519,14:56:12,1399.3000,5,1
2026-03-05,600519,14:56:15,1398.7400,9,2
2026-03-05,600519,14:56:18,1398.7700,10,2
2026-03-05,600519,14:56:21,1399.0000,7,1
2026-03-05,600519,14:56:24,1399.0000,7,2
2026-03-05,600519,14:56:27,1399.5000,5,1
2026-03-05,600519,14:56:30,1399.3000,5,2
2026-03-05,600519,14:56:33,1399.0200,4,2
2026-03-05,600519,14:56:36,1399.0000,8,2
2026-03-05,600519,14:56:42,1399.0200,5,2
2026-03-05,600519,14:56:45,1399.0000,7,2
2026-03-05,600519,14:56:48,1399.1899,7,1
2026-03-05,600519,14:56:51,1399.2000,2,1
2026-03-05,600519,14:56:54,1399.2100,1,1
2026-03-05,600519,14:56:57,1399.2100,2,2
2026-03-05,600519,14:57:00,1399.0400,2,2
2026-03-05,600519,15:00:04,1399.0400,278,4
2026-03-05,600519,11:29:45,1398.4700,5,2
2026-03-05,600519,11:29:48,1398.2800,5,2
2026-03-05,600519,11:29:51,1398.2800,4,2
2026-03-05,600519,11:29:54,1398.1500,2,2
2026-03-05,600519,11:29:57,1398.1500,10,2
2026-03-05,600519,13:00:00,1398.8800,7,1
2026-03-05,600519,13:00:03,1399.0000,19,2
2026-03-05,600519,13:00:06,1398.7100,31,2
2026-03-05,600519,13:00:09,1398.6700,146,2
2026-03-05,600519,13:00:12,1398.3800,66,2
2026-03-05,600519,13:00:15,1398.1600,66,2
2026-03-05,600519,13:00:18,1398.3800,78,1
2026-03-05,600519,13:00:21,1398.1600,12,1
2026-03-05,600519,13:00:24,1398.3800,18,1
2026-03-05,600519,13:00:27,1398.8800,122,1
2026-03-05,600519,13:00:30,1399.0200,32,1
2026-03-05,600519,13:00:33,1399.7900,16,1
2026-03-05,600519,13:00:36,1399.4000,7,2
2026-03-05,600519,13:00:42,1399.3000,17,2
2026-03-05,600519,13:00:45,1399.4100,6,2
2026-03-05,600519,13:00:48,1398.8800,4,2
2026-03-05,600519,13:00:51,1398.3900,6,2
2026-03-05,600519,13:00:54,1398.8900,5,2
2026-03-05,600519,13:00:57,1398.8800,6,2
2026-03-05,600519,13:01:00,1398.6000,3,2
2026-03-05,600519,13:01:03,1398.6200,4,1
2026-03-05,600519,13:01:06,1398.8900,1,2
2026-03-05,600519,13:01:09,1398.6100,12,2
2026-03-05,600519,13:01:12,1398.6100,1,2
2026-03-05,600519,13:01:15,1398.5900,3,2
2026-03-05,600519,13:01:18,1398.6100,8,2
2026-03-05,600519,13:01:21,1399.0000,13,2
2026-03-05,600519,13:01:24,1399.0000,3,2
2026-03-05,600519,13:01:27,1399.0000,10,2
2026-03-05,600519,13:01:30,1399.0000,7,2
2026-03-05,600519,13:01:33,1399.4900,9,1
2026-03-05,600519,13:01:36,1399.5000,12,1
2026-03-05,600519,13:01:39,1399.4700,2,1
2026-03-05,600519,13:01:42,1399.0400,2,2
2026-03-05,600519,13:01:48,1398.6100,9,2
2026-03-05,600519,13:01:51,1398.3900,16,2
2026-03-05,600519,13:01:54,1398.3900,7,2
2026-03-05,600519,13:01:57,1398.3000,8,2
2026-03-05,600519,13:02:00,1398.1500,17,2
2026-03-05,600519,13:02:03,1398.2000,12,2
2026-03-05,600519,13:02:06,1398.3000,6,1
2026-03-05,600519,13:02:12,1398.3000,2,1
2026-03-05,600519,13:02:15,1398.4000,7,1
2026-03-05,600519,13:02:18,1398.4000,2,2
2026-03-05,600519,13:02:21,1398.4000,2,2
2026-03-05,600519,13:02:24,1398.3000,9,2
2026-03-05,600519,13:02:27,1399.4700,12,1
2026-03-05,600519,13:02:30,1398.1700,17,2
2026-03-05,600519,13:02:33,1399.2000,4,1
2026-03-05,600519,13:02:36,1399.2000,3,1
2026-03-05,600519,13:02:39,1399.2000,1,1
2026-03-05,600519,13:02:45,1399.0000,1,1
2026-03-05,600519,13:02:48,1398.3800,2,2
2026-03-05,600519,13:02:51,1398.3199,1,2
2026-03-05,600519,13:02:54,1398.2400,4,2
2026-03-05,600519,13:02:57,1398.7400,4,1
2026-03-05,600519,13:03:00,1398.2100,5,2
2026-03-05,600519,13:03:03,1398.3199,1,2
2026-03-05,600519,13:03:06,1398.2100,5,2
2026-03-05,600519,13:03:09,1398.2400,1,2
2026-03-05,600519,13:03:12,1398.3101,4,1
2026-03-05,600519,13:03:15,1398.3600,12,1
2026-03-05,600519,13:03:18,1398.2300,1,2
2026-03-05,600519,13:03:21,1398.2300,1,2
2026-03-05,600519,13:03:24,1398.7300,1,1
2026-03-05,600519,13:03:27,1398.2300,1,2
2026-03-05,600519,13:03:30,1398.5699,4,2
2026-03-05,600519,13:03:33,1398.2500,3,2
2026-03-05,600519,13:03:36,1398.2400,4,2
2026-03-05,600519,13:03:39,1398.2500,4,2
2026-03-05,600519,13:03:42,1398.2700,2,2
2026-03-05,600519,13:03:45,1398.3000,1,2
2026-03-05,600519,13:03:48,1398.7400,8,1
2026-03-05,600519,13:03:51,1398.5601,2,2
2026-03-05,600519,13:03:57,1398.7400,2,2
2026-03-05,600519,13:04:00,1398.5601,2,2
2026-03-05,600519,13:04:06,1399.2000,3,1
2026-03-05,600519,13:04:09,1398.5500,21,2
2026-03-05,600519,13:04:12,1399.0000,1,1
2026-03-05,600519,13:04:15,1398.9000,3,1
2026-03-05,600519,13:04:18,1398.4100,1,2
2026-03-05,600519,13:04:21,1398.5000,1,2
2026-03-05,600519,13:04:24,1398.5000,3,1
2026-03-05,600519,13:04:27,1398.4100,4,2
2026-03-05,600519,13:04:30,1398.5601,5,2
2026-03-05,600519,13:04:33,1399.0000,3,1
2026-03-05,600519,13:04:36,1399.0000,4,1
2026-03-05,600519,13:04:39,1399.2000,2,1
2026-03-05,600519,13:04:42,1398.5601,3,1
2026-03-05,600519,13:04:45,1399.0000,4,1
2026-03-05,600519,13:04:48,1399.0000,3,1
2026-03-05,600519,13:04:51,1398.5000,20,2
2026-03-05,600519,13:04:54,1398.5000,3,2
2026-03-05,600519,13:04:57,1399.3300,8,1
2026-03-05,600519,13:05:00,1399.2500,10,1
2026-03-05,600519,13:05:03,1399.2000,3,1
2026-03-05,600519,13:05:06,1398.5900,2,2
2026-03-05,600519,13:05:09,1399.2000,2,1
2026-03-05,600519,13:05:12,1398.7400,1,2
2026-03-05,600519,13:05:18,1399.4000,3,1
2026-03-05,600519,13:05:24,1399.3000,5,2
2026-03-05,600519,13:05:27,1399.4399,4,1
2026-03-05,600519,13:05:30,1399.3000,2,2
2026-03-05,600519,13:05:36,1399.6200,2,1
2026-03-05,600519,13:05:39,1399.3199,2,2
2026-03-05,600519,13:05:42,1399.4700,1,1
2026-03-05,600519,13:05:45,1399.4800,2,1
2026-03-05,600519,13:05:48,1399.4800,5,1
2026-03-05,600519,13:05:54,1399.4800,2,2
2026-03-05,600519,13:05:57,1399.5800,1,1
2026-03-05,600519,13:06:00,1399.4900,3,2
2026-03-05,600519,13:06:06,1399.5800,3,1
2026-03-05,600519,13:06:12,1399.6899,1,1
2026-03-05,600519,13:06:15,1399.7200,6,1
2026-03-05,600519,13:06:18,1400.0500,15,1
2026-03-05,600519,13:06:21,1400.3500,3,1
2026-03-05,600519,13:06:24,1400.0500,3,2
2026-03-05,600519,13:06:27,1400.7800,3,1
2026-03-05,600519,13:06:30,1400.3400,2,2
2026-03-05,600519,13:06:36,1400.9700,1,1
2026-03-05,600519,13:06:39,1400.0699,6,2
2026-03-05,600519,13:06:42,1400.9700,3,1
2026-03-05,600519,13:06:51,1400.3500,11,2
2026-03-05,600519,13:06:54,1400.0699,3,2
2026-03-05,600519,13:06:57,1400.0699,16,2
2026-03-05,600519,13:07:00,1400.0699,1,2
2026-03-05,600519,13:07:03,1400.9700,4,1
2026-03-05,600519,13:07:06,1401.0000,4,1
2026-03-05,600519,13:07:12,1400.3500,1,2
2026-03-05,600519,13:07:15,1400.3600,3,1
2026-03-05,600519,13:07:21,1400.3600,1,2
2026-03-05,600519,13:07:24,1400.5300,4,1
2026-03-05,600519,13:07:27,1400.3800,1,2
2026-03-05,600519,13:07:30,1400.3700,5,2
2026-03-05,600519,13:07:33,1400.9700,3,1
2026-03-05,600519,13:07:36,1400.4500,7,2
2026-03-05,600519,13:07:39,1400.4500,1,1
2026-03-05,600519,13:07:42,1401.0699,1,1
2026-03-05,600519,13:07:45,1401.4000,8,1
2026-03-05,600519,13:07:48,1401.4000,1,1
2026-03-05,600519,13:07:51,1401.3600,2,1
2026-03-05,600519,13:07:54,1400.5000,4,2
2026-03-05,600519,13:07:57,1400.5100,3,2
2026-03-05,600519,13:08:00,1400.5200,2,2
2026-03-05,600519,13:08:03,1400.5100,4,2
2026-03-05,600519,13:08:06,1400.5100,4,2
2026-03-05,600519,13:08:09,1400.4900,1,2
2026-03-05,600519,13:08:12,1400.5100,4,1
2026-03-05,600519,13:08:18,1400.9800,3,1
2026-03-05,600519,13:08:30,1400.5300,2,2
2026-03-05,600519,13:08:33,1401.0000,3,1
2026-03-05,600519,13:08:42,1400.5300,2,2
2026-03-05,600519,13:08:48,1400.9900,4,1
2026-03-05,600519,13:08:51,1400.5601,4,2
2026-03-05,600519,13:08:57,1400.7100,2,2
2026-03-05,600519,13:09:00,1400.5000,5,2
2026-03-05,600519,13:09:03,1400.6100,2,4
2026-03-05,600519,13:09:06,1400.5200,2,2
2026-03-05,600519,13:09:09,1400.7100,3,1
2026-03-05,600519,13:09:12,1400.7100,1,1
2026-03-05,600519,13:09:21,1400.6899,2,1
2026-03-05,600519,13:09:24,1400.7100,5,1
2026-03-05,600519,13:09:27,1400.5300,10,2
2026-03-05,600519,13:09:30,1400.5300,3,2
2026-03-05,600519,13:09:33,1400.5500,1,2
2026-03-05,600519,13:09:42,1400.5500,3,1
2026-03-05,600519,13:09:45,1400.5500,7,2
2026-03-05,600519,13:09:48,1400.6899,3,1
2026-03-05,600519,13:09:51,1400.6899,3,1
2026-03-05,600519,13:09:54,1400.6801,1,2
2026-03-05,600519,13:09:57,1400.6801,2,2
2026-03-05,600519,13:10:00,1400.6801,4,2
2026-03-05,600519,13:10:03,1400.6899,1,2
2026-03-05,600519,13:10:06,1400.6899,1,2
2026-03-05,600519,13:10:09,1400.7000,2,2
2026-03-05,600519,13:10:15,1400.7800,5,1
2026-03-05,600519,13:10:18,1400.6899,2,2
2026-03-05,600519,13:10:21,1400.7900,3,1
2026-03-05,600519,13:10:24,1401.3600,4,1
2026-03-05,600519,13:10:27,1400.9600,3,2
2026-03-05,600519,13:10:30,1400.9100,3,2
2026-03-05,600519,13:10:36,1401.3800,1,1
2026-03-05,600519,13:10:39,1400.9500,3,2
2026-03-05,600519,13:10:42,1401.3800,1,1
2026-03-05,600519,13:10:45,1401.3800,1,1
2026-03-05,600519,13:10:51,1401.3800,1,1
2026-03-05,600519,13:10:54,1401.3800,3,1
2026-03-05,600519,13:11:00,1401.1500,4,2
2026-03-05,600519,13:11:03,1401.4000,1,1
2026-03-05,600519,13:11:06,1401.5000,1,1
2026-03-05,600519,13:11:09,1401.4900,2,1
2026-03-05,600519,13:11:12,1401.5000,2,1
2026-03-05,600519,13:11:15,1401.5000,5,2
2026-03-05,600519,13:11:21,1401.7700,2,1
2026-03-05,600519,13:11:24,1401.7900,5,1
2026-03-05,600519,13:11:27,1401.7800,3,1
2026-03-05,600519,13:11:30,1401.5699,7,2
2026-03-05,600519,13:11:33,1401.7800,4,1
2026-03-05,600519,13:11:36,1401.5699,8,2
2026-03-05,600519,13:11:42,1401.9900,8,1
2026-03-05,600519,13:11:45,1402.0000,4,1
2026-03-05,600519,13:11:51,1401.9800,6,1
2026-03-05,600519,13:11:54,1401.9800,3,1
2026-03-05,600519,13:11:57,1401.9800,1,1
2026-03-05,600519,13:12:00,1401.7000,6,2
2026-03-05,600519,13:12:03,1401.9800,2,1
2026-03-05,600519,13:12:06,1402.0000,11,1
2026-03-05,600519,13:12:09,1401.9500,5,1
2026-03-05,600519,13:12:12,1401.6300,5,2
2026-03-05,600519,13:12:18,1401.6300,2,1
2026-03-05,600519,13:12:21,1401.6000,3,2
2026-03-05,600519,13:12:24,1401.6000,1,1
2026-03-05,600519,13:12:27,1401.5500,6,2
2026-03-05,600519,13:12:30,1401.5000,5,2
2026-03-05,600519,13:12:33,1401.5601,1,1
2026-03-05,600519,13:12:36,1401.4000,4,2
2026-03-05,600519,13:12:42,1401.0000,6,2
2026-03-05,600519,13:12:45,1401.4000,2,1
2026-03-05,600519,13:12:51,1401.5400,2,1
2026-03-05,600519,13:12:54,1401.5601,1,1
2026-03-05,600519,13:12:57,1401.0900,8,2
2026-03-05,600519,13:13:00,1400.9399,5,2
2026-03-05,600519,13:13:03,1400.9200,10,2
2026-03-05,600519,13:13:06,1401.0400,2,1
2026-03-05,600519,13:13:12,1401.0300,5,1
2026-03-05,600519,13:13:15,1400.9200,1,2
2026-03-05,600519,13:13:21,1400.5699,1,2
2026-03-05,600519,13:13:24,1400.7800,4,1
2026-03-05,600519,13:13:27,1400.8700,2,1
2026-03-05,600519,13:13:30,1400.5800,3,2
2026-03-05,600519,13:13:33,1401.0100,1,1
2026-03-05,600519,13:13:36,1400.8600,1,1
2026-03-05,600519,13:13:39,1400.8700,1,1
2026-03-05,600519,13:13:42,1400.7800,5,2
2026-03-05,600519,13:13:48,1400.9800,2,1
2026-03-05,600519,13:13:51,1400.8900,2,2
2026-03-05,600519,13:13:54,1400.8800,1,2
2026-03-05,600519,13:13:57,1400.8800,1,2
2026-03-05,600519,13:14:00,1400.8800,2,2
2026-03-05,600519,13:14:03,1400.9600,10,1
2026-03-05,600519,13:14:06,1400.9800,3,4
2026-03-05,600519,13:14:09,1400.9900,1,1
2026-03-05,600519,13:14:15,1400.9900,3,1
2026-03-05,600519,13:14:18,1400.9900,5,1
2026-03-05,600519,13:14:21,1401.0000,2,1
2026-03-05,600519,13:14:24,1400.9900,1,1
2026-03-05,600519,13:14:27,1400.9900,4,1
2026-03-05,600519,13:14:30,1400.9900,2,2
2026-03-05,600519,13:14:33,1400.9500,3,2
2026-03-05,600519,13:14:36,1400.9500,2,1
2026-03-05,600519,13:14:45,1400.9500,3,1
2026-03-05,600519,13:14:48,1400.8900,1,2
2026-03-05,600519,13:14:51,1400.8900,1,2
2026-03-05,600519,13:14:57,1400.8800,3,2
2026-03-05,600519,13:15:00,1400.8700,1,2
2026-03-05,600519,13:15:03,1400.8900,3,1
2026-03-05,600519,13:15:06,1400.8900,4,1
2026-03-05,600519,13:15:09,1400.8700,1,2
2026-03-05,600519,13:15:12,1400.8500,5,2
2026-03-05,600519,13:15:18,1400.8500,1,2
2026-03-05,600519,13:15:21,1400.7900,2,2
2026-03-05,600519,13:15:24,1400.8500,3,1
2026-03-05,600519,13:15:27,1400.7900,1,2
2026-03-05,600519,13:15:30,1400.7200,3,2
2026-03-05,600519,13:15:33,1400.7000,11,2
2026-03-05,600519,13:15:36,1400.7500,4,1
2026-03-05,600519,13:15:39,1400.7500,3,1
2026-03-05,600519,13:15:42,1400.7500,2,1
2026-03-05,600519,13:15:45,1400.7600,3,1
2026-03-05,600519,13:15:48,1400.7500,2,2
2026-03-05,600519,13:15:54,1400.7500,6,1
2026-03-05,600519,13:15:57,1400.7200,5,4
2026-03-05,600519,13:16:00,1400.5699,5,2
2026-03-05,600519,13:16:06,1400.4800,22,2
2026-03-05,600519,13:16:09,1400.4800,2,1
2026-03-05,600519,13:16:12,1400.4800,4,1
2026-03-05,600519,13:16:15,1400.4500,4,2
2026-03-05,600519,13:16:18,1400.4800,3,1
2026-03-05,600519,13:16:21,1400.4800,3,1
2026-03-05,600519,13:16:24,1400.4700,3,1
2026-03-05,600519,13:16:30,1400.4700,2,1
2026-03-05,600519,13:16:33,1400.4500,3,2
2026-03-05,600519,13:16:36,1400.4500,7,2
2026-03-05,600519,13:16:39,1400.2000,1,2
2026-03-05,600519,13:16:45,1400.2100,2,2
2026-03-05,600519,13:16:48,1400.2000,9,2
2026-03-05,600519,13:16:51,1400.0000,29,2
2026-03-05,600519,13:16:54,1399.7800,37,2
2026-03-05,600519,13:16:57,1399.5800,17,2
2026-03-05,600519,13:17:00,1399.2800,11,2
2026-03-05,600519,13:17:03,1399.2800,5,2
2026-03-05,600519,13:17:06,1399.2800,1,2
2026-03-05,600519,13:17:09,1399.2800,1,2
2026-03-05,600519,13:17:12,1399.2800,9,2
2026-03-05,600519,13:17:15,1399.2100,3,2
2026-03-05,600519,13:17:18,1399.2100,1,2
2026-03-05,600519,13:17:21,1399.2100,1,2
2026-03-05,600519,13:17:24,1399.2100,5,2
2026-03-05,600519,13:17:27,1399.4000,11,1
2026-03-05,600519,13:17:30,1399.3000,5,2
2026-03-05,600519,13:17:36,1399.4301,8,1
2026-03-05,600519,13:17:39,1399.7600,6,1
2026-03-05,600519,13:17:42,1399.9800,8,1
2026-03-05,600519,13:17:48,1399.7700,1,2
2026-03-05,600519,13:17:54,1400.3700,1,1
2026-03-05,600519,13:17:57,1400.3600,2,1
2026-03-05,600519,13:18:00,1400.0000,1,2
2026-03-05,600519,13:18:06,1400.3700,7,1
2026-03-05,600519,13:18:09,1400.3700,15,2
2026-03-05,600519,13:18:27,1400.3000,3,1
2026-03-05,600519,13:18:30,1400.2300,4,2
2026-03-05,600519,13:18:33,1400.2300,1,2
2026-03-05,600519,13:18:36,1400.2800,4,1
2026-03-05,600519,13:18:42,1400.2300,2,2
2026-03-05,600519,13:18:45,1400.2300,7,2
2026-03-05,600519,13:18:48,1400.2600,2,1
2026-03-05,600519,13:18:51,1400.3400,4,1
2026-03-05,600519,13:18:57,1400.3199,2,4
2026-03-05,600519,13:19:00,1400.3500,9,1
2026-03-05,600519,13:19:03,1400.3000,3,2
2026-03-05,600519,13:19:06,1400.3101,5,2
2026-03-05,600519,13:19:12,1400.3101,1,2
2026-03-05,600519,13:19:15,1400.3101,3,2
2026-03-05,600519,13:19:18,1400.3101,1,2
2026-03-05,600519,13:19:24,1400.3199,1,1
2026-03-05,600519,13:19:27,1400.3600,10,1
2026-03-05,600519,13:19:30,1400.2900,23,2
2026-03-05,600519,13:19:33,1400.3101,1,1
2026-03-05,600519,13:19:36,1400.3101,1,2
2026-03-05,600519,13:19:39,1400.2900,3,2
2026-03-05,600519,13:19:42,1400.3000,2,2
2026-03-05,600519,13:19:45,1400.3600,1,1
2026-03-05,600519,13:19:57,1400.3600,2,1
2026-03-05,600519,13:20:00,1400.3300,3,2
2026-03-05,600519,13:20:06,1400.3600,12,1
2026-03-05,600519,13:20:12,1400.3600,1,1
2026-03-05,600519,13:20:15,1400.3500,3,2
2026-03-05,600519,13:20:18,1400.3700,1,1
2026-03-05,600519,13:20:27,1400.3700,5,1
2026-03-05,600519,13:20:30,1400.3700,1,2
2026-03-05,600519,13:20:33,1400.3900,3,1
2026-03-05,600519,13:20:42,1400.4000,3,1
2026-03-05,600519,13:20:45,1400.3700,1,2
2026-03-05,600519,13:20:54,1400.3900,1,2
2026-03-05,600519,13:20:57,1400.4100,2,1
2026-03-05,600519,13:21:00,1400.4000,1,2
2026-03-05,600519,13:21:03,1400.4000,4,2
2026-03-05,600519,13:21:06,1400.4000,4,2
2026-03-05,600519,13:21:09,1400.3700,16,2
2026-03-05,600519,13:21:12,1400.2500,22,2
2026-03-05,600519,13:21:15,1400.2200,5,2
2026-03-05,600519,13:21:18,1400.0300,1,2
2026-03-05,600519,13:21:24,1400.0800,1,2
2026-03-05,600519,13:21:30,1400.0800,4,2
2026-03-05,600519,13:21:33,1400.0800,2,2
2026-03-05,600519,13:21:36,1400.0800,1,2
2026-03-05,600519,13:21:42,1400.0800,3,1
2026-03-05,600519,13:21:45,1400.0200,1,2
2026-03-05,600519,13:22:00,1400.0300,3,2
2026-03-05,600519,13:22:03,1400.0100,13,2
2026-03-05,600519,13:22:06,1400.0300,1,2
2026-03-05,600519,13:22:09,1400.0300,1,2
2026-03-05,600519,13:22:12,1400.0300,3,2
2026-03-05,600519,13:22:15,1400.0300,2,2
2026-03-05,600519,13:22:24,1400.0300,3,2
2026-03-05,600519,13:22:30,1400.0000,2,2
2026-03-05,600519,13:22:36,1400.0100,2,2
2026-03-05,600519,13:22:39,1400.0000,14,2
2026-03-05,600519,13:22:42,1399.9500,10,2
2026-03-05,600519,13:22:45,1399.9200,14,2
2026-03-05,600519,13:22:48,1399.8700,3,2
2026-03-05,600519,13:22:51,1399.9800,1,1
2026-03-05,600519,13:22:54,1399.9200,3,2
2026-03-05,600519,13:22:57,1399.8700,1,1
2026-03-05,600519,13:23:00,1399.8199,2,2
2026-03-05,600519,13:23:03,1399.9100,2,1
2026-03-05,600519,13:23:06,1399.8900,3,1
2026-03-05,600519,13:23:09,1399.9100,3,1
2026-03-05,600519,13:23:12,1399.9200,11,1
2026-03-05,600519,13:23:15,1399.9200,3,1
2026-03-05,600519,13:23:18,1399.9200,2,2
2026-03-05,600519,13:23:21,1400.0100,3,1
2026-03-05,600519,13:23:24,1400.0100,1,1
2026-03-05,600519,13:23:27,1399.9301,2,2
2026-03-05,600519,13:23:30,1399.9500,1,2
2026-03-05,600519,13:23:39,1399.9900,3,1
2026-03-05,600519,13:23:42,1399.9399,2,2
2026-03-05,600519,13:23:48,1399.9399,1,2
2026-03-05,600519,13:23:51,1399.9900,1,2
2026-03-05,600519,13:23:54,1399.9900,3,2
2026-03-05,600519,13:23:57,1400.0000,5,1
2026-03-05,600519,13:24:00,1399.9900,4,2
2026-03-05,600519,13:24:03,1399.9900,2,2
2026-03-05,600519,13:24:06,1399.9900,2,2
2026-03-05,600519,13:24:18,1399.9900,1,2
2026-03-05,600519,13:24:21,1399.9900,6,2
2026-03-05,600519,13:24:24,1399.9700,4,2
2026-03-05,600519,13:24:27,1400.0000,8,1
2026-03-05,600519,13:24:30,1399.9200,4,2
2026-03-05,600519,13:24:33,1399.9500,2,4
2026-03-05,600519,13:24:36,1399.9600,2,1
2026-03-05,600519,13:24:39,1399.9500,1,1
2026-03-05,600519,13:24:42,1399.9600,5,1
2026-03-05,600519,13:24:54,1399.9500,1,1
2026-03-05,600519,13:24:57,1399.9600,7,1
2026-03-05,600519,13:25:00,1399.9500,2,2
2026-03-05,600519,13:25:03,1399.9500,1,2
2026-03-05,600519,13:25:06,1399.9600,3,1
2026-03-05,600519,13:25:09,1399.9600,3,1
2026-03-05,600519,13:25:12,1399.9500,2,2
2026-03-05,600519,13:25:15,1399.9600,1,1
2026-03-05,600519,13:25:18,1399.9600,3,1
2026-03-05,600519,13:25:21,1399.9600,4,1
2026-03-05,600519,13:25:27,1399.9600,2,1
2026-03-05,600519,13:25:30,1399.9500,2,2
2026-03-05,600519,13:25:33,1399.9600,5,1
2026-03-05,600519,13:25:36,1399.9900,1,1
2026-03-05,600519,13:25:42,1399.9900,3,1
2026-03-05,600519,13:25:45,1399.9900,4,2
2026-03-05,600519,13:25:54,1399.9900,6,2
2026-03-05,600519,13:26:00,1399.9900,2,2
2026-03-05,600519,13:26:09,1399.9900,5,2
2026-03-05,600519,13:26:12,1399.9900,1,2
2026-03-05,600519,13:26:15,1399.9900,1,2
2026-03-05,600519,13:26:18,1400.0000,4,1
2026-03-05,600519,13:26:24,1399.9900,1,2
2026-03-05,600519,13:26:27,1400.0000,4,1
2026-03-05,600519,13:26:30,1399.9900,7,2
2026-03-05,600519,13:26:33,1400.0000,1,4
2026-03-05,600519,13:26:39,1400.0100,3,1
2026-03-05,600519,13:26:45,1400.2900,83,1
2026-03-05,600519,13:26:48,1400.5500,9,1
2026-03-05,600519,13:26:51,1400.8800,2,1
2026-03-05,600519,13:26:54,1400.8700,1,1
2026-03-05,600519,13:26:57,1400.5601,3,2
2026-03-05,600519,13:27:00,1400.5500,3,2
2026-03-05,600519,13:27:06,1400.8700,7,1
2026-03-05,600519,13:27:09,1400.5601,2,2
2026-03-05,600519,13:27:15,1400.5699,2,2
2026-03-05,600519,13:27:18,1400.7500,2,1
2026-03-05,600519,13:27:27,1400.8800,8,1
2026-03-05,600519,13:27:30,1400.8900,3,1
2026-03-05,600519,13:27:33,1401.0000,8,1
2026-03-05,600519,13:27:39,1401.0000,2,1
2026-03-05,600519,13:27:42,1401.0000,2,1
2026-03-05,600519,13:27:45,1400.9900,9,2
2026-03-05,600519,13:27:48,1400.7900,2,2
2026-03-05,600519,13:27:51,1400.7900,1,2
2026-03-05,600519,13:28:00,1400.8101,7,2
2026-03-05,600519,13:28:03,1400.9600,1,1
2026-03-05,600519,13:28:06,1400.9600,2,1
2026-03-05,600519,13:28:09,1401.0500,39,1
2026-03-05,600519,13:28:12,1401.0300,1,2
2026-03-05,600519,13:28:15,1401.5800,2,1
2026-03-05,600519,13:28:27,1401.5800,2,1
2026-03-05,600519,13:28:30,1401.3300,1,1
2026-03-05,600519,13:28:33,1401.5699,1,1
2026-03-05,600519,13:28:36,1401.6600,2,1
2026-03-05,600519,13:28:39,1401.4700,6,2
2026-03-05,600519,13:28:42,1401.4600,1,1
2026-03-05,600519,13:28:45,1401.5699,1,1
2026-03-05,600519,13:28:48,1401.0800,1,2
2026-03-05,600519,13:28:51,1401.6000,2,1
2026-03-05,600519,13:28:54,1401.0699,1,2
2026-03-05,600519,13:28:57,1401.5500,2,1
2026-03-05,600519,13:29:00,1401.0699,2,2
2026-03-05,600519,13:29:03,1401.5699,10,1
2026-03-05,600519,13:29:09,1401.5000,1,1
2026-03-05,600519,13:29:15,1401.0699,5,2
2026-03-05,600519,13:29:18,1401.3900,10,1
2026-03-05,600519,13:29:21,1401.0601,10,2
2026-03-05,600519,13:29:24,1401.0601,3,1
2026-03-05,600519,13:29:27,1401.0400,3,2
2026-03-05,600519,13:29:30,1401.0500,2,2
2026-03-05,600519,13:29:33,1401.0900,1,1
2026-03-05,600519,13:29:36,1401.0900,1,1
2026-03-05,600519,13:29:39,1401.0900,5,1
2026-03-05,600519,13:29:42,1401.0900,5,1
2026-03-05,600519,13:29:45,1401.2900,8,1
2026-03-05,600519,13:29:51,1401.0800,40,2
2026-03-05,600519,13:29:54,1400.8199,6,2
2026-03-05,600519,13:30:00,1400.8300,4,2
2026-03-05,600519,13:30:03,1400.8101,4,2
2026-03-05,600519,13:30:06,1400.7900,5,2
2026-03-05,600519,13:30:12,1400.8000,1,1
2026-03-05,600519,13:30:15,1400.8101,5,1
2026-03-05,600519,13:30:18,1400.8000,1,1
2026-03-05,600519,13:30:21,1400.8000,1,1
2026-03-05,600519,13:30:30,1400.6899,3,2
2026-03-05,600519,13:30:36,1400.8000,1,1
2026-03-05,600519,13:30:42,1400.8000,2,1
2026-03-05,600519,13:30:48,1400.8101,1,1
2026-03-05,600519,13:30:57,1400.8101,1,1
2026-03-05,600519,13:31:00,1400.8101,3,1
2026-03-05,600519,13:31:03,1400.8101,3,1
2026-03-05,600519,13:31:06,1400.8101,1,1
2026-03-05,600519,13:31:09,1400.8101,1,1
2026-03-05,600519,13:31:12,1401.0000,6,1
2026-03-05,600519,13:31:15,1401.0300,3,1
2026-03-05,600519,13:31:21,1401.8000,24,1
2026-03-05,600519,13:31:30,1401.3000,3,2
2026-03-05,600519,13:31:33,1401.2900,4,2
2026-03-05,600519,13:31:39,1401.1899,2,2
2026-03-05,600519,13:31:42,1400.8300,2,2
2026-03-05,600519,13:31:45,1400.8300,1,2
2026-03-05,600519,13:31:48,1400.8199,2,2
2026-03-05,600519,13:31:51,1400.8199,1,2
2026-03-05,600519,13:31:54,1400.8199,1,2
2026-03-05,600519,13:32:00,1400.8400,1,2
2026-03-05,600519,13:32:03,1401.1600,1,1
2026-03-05,600519,13:32:09,1400.8600,2,2
2026-03-05,600519,13:32:18,1400.8600,2,2
2026-03-05,600519,13:32:24,1401.0699,2,1
2026-03-05,600519,13:32:27,1400.8800,9,2
2026-03-05,600519,13:32:30,1400.8600,2,2
2026-03-05,600519,13:32:33,1400.7700,21,2
2026-03-05,600519,13:32:36,1400.8000,6,1
2026-03-05,600519,13:32:39,1400.5601,7,2
2026-03-05,600519,13:32:42,1400.5601,7,1
2026-03-05,600519,13:32:51,1400.5500,11,2
2026-03-05,600519,13:32:54,1400.5500,1,1
2026-03-05,600519,13:33:00,1400.5500,4,2
2026-03-05,600519,13:33:03,1400.5500,1,1
2026-03-05,600519,13:33:06,1400.4800,4,2
2026-03-05,600519,13:33:09,1400.2000,1,2
2026-03-05,600519,13:33:12,1400.2200,3,2
2026-03-05,600519,13:33:15,1400.5400,1,1
2026-03-05,600519,13:33:18,1400.5300,2,1
2026-03-05,600519,13:33:21,1400.2000,1,2
2026-03-05,600519,13:33:24,1400.2000,1,2
2026-03-05,600519,13:33:27,1400.2100,1,2
2026-03-05,600519,13:33:30,1400.2100,2,4
2026-03-05,600519,13:33:36,1400.2100,1,2
2026-03-05,600519,13:33:42,1400.2100,3,1
2026-03-05,600519,13:33:45,1400.2000,3,2
2026-03-05,600519,13:33:48,1400.2000,1,2
2026-03-05,600519,13:33:51,1400.1200,5,2
2026-03-05,600519,13:33:54,1400.0601,6,2
2026-03-05,600519,13:33:57,1400.1300,4,1
2026-03-05,600519,13:34:00,1400.1300,2,2
2026-03-05,600519,13:34:03,1400.0000,31,2
2026-03-05,600519,13:34:06,1400.0000,21,2
2026-03-05,600519,13:34:09,1400.0100,6,1
2026-03-05,600519,13:34:12,1400.0000,5,2
2026-03-05,600519,13:34:15,1400.0000,1,2
2026-03-05,600519,13:34:18,1400.0000,3,2
2026-03-05,600519,13:34:21,1400.0100,4,1
2026-03-05,600519,13:34:24,1400.0000,8,2
2026-03-05,600519,13:34:27,1400.0000,4,2
2026-03-05,600519,13:34:30,1400.0000,3,2
2026-03-05,600519,13:34:36,1400.0100,4,1
2026-03-05,600519,13:34:39,1400.0000,3,2
2026-03-05,600519,13:34:42,1400.0100,2,1
2026-03-05,600519,13:34:45,1400.0100,4,1
2026-03-05,600519,13:34:48,1400.0100,1,1
2026-03-05,600519,13:34:54,1400.0100,1,1
2026-03-05,600519,13:35:00,1400.0200,13,2
2026-03-05,600519,13:35:03,1400.0100,3,2
2026-03-05,600519,13:35:06,1400.0900,1,2
2026-03-05,600519,13:35:09,1400.0900,1,2
2026-03-05,600519,13:35:12,1400.0100,2,2
2026-03-05,600519,13:35:15,1400.5000,4,1
2026-03-05,600519,13:35:30,1400.2200,5,2
2026-03-05,600519,13:35:33,1400.2100,1,2
2026-03-05,600519,13:35:36,1400.2100,3,2
2026-03-05,600519,13:35:39,1400.2100,3,4
2026-03-05,600519,13:35:42,1400.2100,11,1
2026-03-05,600519,13:35:45,1400.1200,1,2
2026-03-05,600519,13:35:51,1400.5000,2,1
2026-03-05,600519,13:36:06,1400.4800,1,1
2026-03-05,600519,13:36:12,1400.4600,1,1
2026-03-05,600519,13:36:15,1400.4600,2,1
2026-03-05,600519,13:36:18,1400.4600,2,1
2026-03-05,600519,13:36:21,1400.4600,2,1
2026-03-05,600519,13:36:30,1400.2200,17,2
2026-03-05,600519,13:36:33,1400.1300,8,2
2026-03-05,600519,13:36:36,1400.0900,7,2
2026-03-05,600519,13:36:42,1400.1000,1,2
2026-03-05,600519,13:36:45,1400.4600,1,1
2026-03-05,600519,13:36:51,1400.2000,1,1
2026-03-05,600519,13:37:00,1400.1400,1,2
2026-03-05,600519,13:37:03,1400.5100,1,1
2026-03-05,600519,13:37:12,1400.4800,2,1
2026-03-05,600519,13:37:18,1400.1000,9,2
2026-03-05,600519,13:37:21,1400.1300,5,1
2026-03-05,600519,13:37:24,1400.2000,3,1
2026-03-05,600519,13:37:27,1400.1400,3,2
2026-03-05,600519,13:37:30,1400.1500,3,2
2026-03-05,600519,13:37:36,1400.1400,3,2
2026-03-05,600519,13:37:54,1400.1600,6,2
2026-03-05,600519,13:37:57,1400.1500,1,4
2026-03-05,600519,13:38:00,1400.1400,3,2
2026-03-05,600519,13:38:03,1400.1500,1,1
2026-03-05,600519,13:38:06,1400.1400,1,2
2026-03-05,600519,13:38:09,1400.1500,4,1
2026-03-05,600519,13:38:12,1400.1600,2,1
2026-03-05,600519,13:38:15,1400.1600,1,1
2026-03-05,600519,13:38:18,1400.1600,2,1
2026-03-05,600519,13:38:21,1400.1600,14,1
2026-03-05,600519,13:38:24,1400.1600,3,1
2026-03-05,600519,13:38:27,1400.1600,2,1
2026-03-05,600519,13:38:30,1400.1500,7,2
2026-03-05,600519,13:38:33,1400.1600,1,1
2026-03-05,600519,13:38:36,1400.1500,4,2
2026-03-05,600519,13:38:42,1400.1600,1,1
2026-03-05,600519,13:38:45,1400.1500,2,2
2026-03-05,600519,13:38:51,1400.1600,3,1
2026-03-05,600519,13:38:57,1400.1600,4,2
2026-03-05,600519,13:39:00,1400.1600,1,2
2026-03-05,600519,13:39:03,1400.4900,1,1
2026-03-05,600519,13:39:18,1400.4700,1,1
2026-03-05,600519,13:39:21,1400.4700,2,1
2026-03-05,600519,13:39:24,1400.1801,1,2
2026-03-05,600519,13:39:27,1400.4800,3,1
2026-03-05,600519,13:39:30,1400.5200,18,1
2026-03-05,600519,13:39:33,1400.5601,11,1
2026-03-05,600519,13:39:36,1400.4600,7,2
2026-03-05,600519,13:39:39,1400.8000,2,1
2026-03-05,600519,13:39:45,1400.8101,1,1
2026-03-05,600519,13:39:51,1400.8101,1,1
2026-03-05,600519,13:39:54,1400.9900,1,1
2026-03-05,600519,13:39:57,1400.8101,2,1
2026-03-05,600519,13:40:00,1400.5800,2,2
2026-03-05,600519,13:40:06,1400.8000,2,1
2026-03-05,600519,13:40:12,1400.7800,3,1
2026-03-05,600519,13:40:15,1400.7800,3,1
2026-03-05,600519,13:40:18,1400.7800,3,2
2026-03-05,600519,13:40:21,1400.7800,4,1
2026-03-05,600519,13:40:24,1400.5900,1,2
2026-03-05,600519,13:40:27,1400.7800,2,1
2026-03-05,600519,13:40:30,1400.6000,2,2
2026-03-05,600519,13:40:39,1400.7500,8,1
2026-03-05,600519,13:40:42,1400.7500,3,1
2026-03-05,600519,13:40:45,1400.8000,3,1
2026-03-05,600519,13:40:48,1400.7600,2,1
2026-03-05,600519,13:40:51,1400.9100,3,1
2026-03-05,600519,13:40:54,1401.0000,21,1
2026-03-05,600519,13:40:57,1401.9900,1,1
2026-03-05,600519,13:41:00,1401.2000,1,2
2026-03-05,600519,13:41:03,1401.9800,2,1
2026-03-05,600519,13:41:06,1401.9800,2,1
2026-03-05,600519,13:41:09,1401.9800,2,1
2026-03-05,600519,13:41:12,1401.9800,1,1
2026-03-05,600519,13:41:15,1401.9800,1,1
2026-03-05,600519,13:41:21,1401.9900,1,1
2026-03-05,600519,13:41:24,1401.9900,5,1
2026-03-05,600519,13:41:30,1401.1899,5,2
2026-03-05,600519,13:41:33,1401.9700,1,1
2026-03-05,600519,13:41:36,1401.9600,4,1
2026-03-05,600519,13:41:39,1401.2000,2,2
2026-03-05,600519,13:41:42,1401.9800,5,1
2026-03-05,600519,13:41:45,1402.0000,25,1
2026-03-05,600519,13:41:48,1401.9800,1,2
2026-03-05,600519,13:41:51,1402.0000,2,1
2026-03-05,600519,13:41:57,1402.4900,3,1
2026-03-05,600519,13:42:00,1402.0000,3,2
2026-03-05,600519,13:42:03,1402.3600,5,1
2026-03-05,600519,13:42:06,1402.0000,2,2
2026-03-05,600519,13:42:12,1402.0100,7,2
2026-03-05,600519,13:42:15,1402.0100,1,1
2026-03-05,600519,13:42:18,1402.0100,1,1
2026-03-05,600519,13:42:24,1402.0000,11,2
2026-03-05,600519,13:42:27,1402.0000,8,1
2026-03-05,600519,13:42:30,1401.2100,2,2
2026-03-05,600519,13:42:33,1402.0100,13,1
2026-03-05,600519,13:42:36,1402.0000,1,1
2026-03-05,600519,13:42:42,1402.0000,2,1
2026-03-05,600519,13:42:45,1402.0000,3,1
2026-03-05,600519,13:42:48,1401.3101,2,2
2026-03-05,600519,13:42:51,1402.0000,1,2
2026-03-05,600519,13:42:54,1402.0000,1,1
2026-03-05,600519,13:43:00,1401.3300,1,2
2026-03-05,600519,13:43:03,1401.9900,3,1
2026-03-05,600519,13:43:09,1402.0000,3,1
2026-03-05,600519,13:43:15,1402.0000,5,1
2026-03-05,600519,13:43:18,1401.4900,1,2
2026-03-05,600519,13:43:21,1401.9700,1,1
2026-03-05,600519,13:43:27,1402.0000,2,1
2026-03-05,600519,13:43:30,1401.7600,2,1
2026-03-05,600519,13:43:36,1402.1400,3,1
2026-03-05,600519,13:43:39,1401.7600,3,1
2026-03-05,600519,13:43:42,1401.7600,1,1
2026-03-05,600519,13:43:45,1401.5000,3,2
2026-03-05,600519,13:43:48,1402.0000,3,1
2026-03-05,600519,13:43:54,1401.7600,4,2
2026-03-05,600519,13:43:57,1402.0000,4,1
2026-03-05,600519,13:44:00,1401.7600,3,2
2026-03-05,600519,13:44:03,1401.7600,5,2
2026-03-05,600519,13:44:06,1401.9800,1,1
2026-03-05,600519,13:44:12,1401.9800,4,1
2026-03-05,600519,13:44:15,1402.0000,5,1
2026-03-05,600519,13:44:18,1402.1200,1,2
2026-03-05,600519,13:44:24,1402.1200,5,2
2026-03-05,600519,13:44:27,1402.1200,2,2
2026-03-05,600519,13:44:30,1401.9000,5,2
2026-03-05,600519,13:44:33,1402.1200,1,1
2026-03-05,600519,13:44:36,1402.1200,1,1
2026-03-05,600519,13:44:42,1401.9900,8,2
2026-03-05,600519,13:44:45,1401.9900,5,1
2026-03-05,600519,13:44:51,1401.9700,1,1
2026-03-05,600519,13:44:54,1401.9700,11,1
2026-03-05,600519,13:44:57,1401.7900,1,1
2026-03-05,600519,13:45:00,1401.5100,2,2
2026-03-05,600519,13:45:03,1401.7900,2,1
2026-03-05,600519,13:45:06,1401.7700,4,1
2026-03-05,600519,13:45:09,1401.6600,1,1
2026-03-05,600519,13:45:12,1401.5100,2,2
2026-03-05,600519,13:45:15,1401.6500,1,1
2026-03-05,600519,13:45:18,1401.6500,1,1
2026-03-05,600519,13:45:21,1401.5100,3,2
2026-03-05,600519,13:45:24,1401.5100,2,2
2026-03-05,600519,13:45:27,1401.5400,6,1
2026-03-05,600519,13:45:30,1401.4800,2,2
2026-03-05,600519,13:45:36,1401.5200,9,1
2026-03-05,600519,13:45:45,1401.5000,2,1
2026-03-05,600519,13:45:51,1401.4399,3,2
2026-03-05,600519,13:45:54,1401.4301,2,2
2026-03-05,600519,13:45:57,1401.4500,1,2
2026-03-05,600519,13:46:00,1401.4500,1,4
2026-03-05,600519,13:46:03,1401.4399,2,2
2026-03-05,600519,13:46:06,1401.4399,1,4
2026-03-05,600519,13:46:09,1401.3400,3,2
2026-03-05,600519,13:46:12,1401.4301,4,1
2026-03-05,600519,13:46:18,1401.4301,3,1
2026-03-05,600519,13:46:21,1401.4200,1,1
2026-03-05,600519,13:46:24,1401.4200,1,1
2026-03-05,600519,13:46:27,1401.4301,2,1
2026-03-05,600519,13:46:30,1401.3400,4,2
2026-03-05,600519,13:46:36,1401.4301,1,1
2026-03-05,600519,13:46:45,1401.4000,2,1
2026-03-05,600519,13:46:51,1401.3500,6,2
2026-03-05,600519,13:46:54,1401.4000,4,1
2026-03-05,600519,13:47:00,1401.3600,4,2
2026-03-05,600519,13:47:03,1401.3900,1,1
2026-03-05,600519,13:47:09,1401.3900,1,1
2026-03-05,600519,13:47:12,1401.3500,1,2
2026-03-05,600519,13:47:15,1401.3900,4,1
2026-03-05,600519,13:47:18,1401.3500,3,2
2026-03-05,600519,13:47:21,1401.4100,6,1
2026-03-05,600519,13:47:24,1401.4100,1,1
2026-03-05,600519,13:47:30,1401.3500,12,2
2026-03-05,600519,13:47:33,1401.3500,4,2
2026-03-05,600519,13:47:36,1401.4000,1,1
2026-03-05,600519,13:47:42,1401.3500,10,2
2026-03-05,600519,13:47:45,1401.3400,2,1
2026-03-05,600519,13:47:48,1401.3300,1,1
2026-03-05,600519,13:47:54,1401.2500,5,2
2026-03-05,600519,13:47:57,1401.3101,9,1
2026-03-05,600519,13:48:00,1401.0000,4,2
2026-03-05,600519,13:48:03,1401.0000,2,2
2026-03-05,600519,13:48:06,1400.9600,4,1
2026-03-05,600519,13:48:09,1400.9600,5,1
2026-03-05,600519,13:48:12,1400.9700,6,1
2026-03-05,600519,13:48:15,1401.0601,3,1
2026-03-05,600519,13:48:18,1401.3900,12,1
2026-03-05,600519,13:48:24,1401.4500,2,1
2026-03-05,600519,13:48:27,1401.5000,6,1
2026-03-05,600519,13:48:30,1401.5100,3,2
2026-03-05,600519,13:48:33,1401.6600,2,1
2026-03-05,600519,13:48:36,1401.6500,5,2
2026-03-05,600519,13:48:39,1401.6500,2,2
2026-03-05,600519,13:48:42,1401.9000,4,1
2026-03-05,600519,13:48:45,1401.9200,1,2
2026-03-05,600519,13:48:54,1401.9100,3,2
2026-03-05,600519,13:48:57,1401.9500,10,1
2026-03-05,600519,13:49:00,1401.6600,16,2
2026-03-05,600519,13:49:03,1401.9000,7,1
2026-03-05,600519,13:49:09,1401.9100,4,2
2026-03-05,600519,13:49:15,1401.6600,1,1
2026-03-05,600519,13:49:21,1401.6500,1,2
2026-03-05,600519,13:49:24,1401.6500,1,2
2026-03-05,600519,13:49:27,1401.9000,2,1
2026-03-05,600519,13:49:30,1401.5100,7,2
2026-03-05,600519,13:49:33,1401.6500,1,1
2026-03-05,600519,13:49:36,1401.6600,10,1
2026-03-05,600519,13:49:39,1401.5000,2,2
2026-03-05,600519,13:49:42,1401.5000,5,2
2026-03-05,600519,13:49:45,1401.0100,2,2
2026-03-05,600519,13:49:48,1401.0000,2,2
2026-03-05,600519,13:50:00,1400.9800,4,2
2026-03-05,600519,13:50:03,1400.8000,3,2
2026-03-05,600519,13:50:06,1400.7600,1,2
2026-03-05,600519,13:50:12,1400.8000,2,2
2026-03-05,600519,13:50:15,1401.0000,11,1
2026-03-05,600519,13:50:18,1400.7600,2,2
2026-03-05,600519,13:50:21,1400.7600,3,1
2026-03-05,600519,13:50:24,1400.7600,8,1
2026-03-05,600519,13:50:27,1400.7600,1,1
2026-03-05,600519,13:50:30,1400.7500,4,1
2026-03-05,600519,13:50:33,1400.6700,1,2
2026-03-05,600519,13:50:39,1400.7600,11,1
2026-03-05,600519,13:50:42,1400.7600,6,2
2026-03-05,600519,13:50:48,1400.7600,3,2
2026-03-05,600519,13:50:51,1400.7100,2,2
2026-03-05,600519,13:50:54,1400.6899,2,2
2026-03-05,600519,13:50:57,1400.7600,2,1
2026-03-05,600519,13:51:00,1400.7300,3,2
2026-03-05,600519,13:51:06,1400.7000,4,2
2026-03-05,600519,13:51:09,1400.7200,2,1
2026-03-05,600519,13:51:12,1400.7000,11,2
2026-03-05,600519,13:51:15,1400.5000,9,2
2026-03-05,600519,13:51:18,1400.2400,8,2
2026-03-05,600519,13:51:21,1400.1700,2,2
2026-03-05,600519,13:51:24,1400.1600,2,2
2026-03-05,600519,13:51:30,1400.1700,1,2
2026-03-05,600519,13:51:33,1400.1600,2,2
2026-03-05,600519,13:51:36,1400.1600,5,2
2026-03-05,600519,13:51:39,1400.1500,4,2
2026-03-05,600519,13:51:42,1400.1600,2,2
2026-03-05,600519,13:51:45,1400.2600,2,1
2026-03-05,600519,13:51:48,1400.2800,2,1
2026-03-05,600519,13:51:54,1400.2800,2,1
2026-03-05,600519,13:52:00,1400.2300,1,2
2026-03-05,600519,13:52:03,1400.2200,2,2
2026-03-05,600519,13:52:09,1400.2400,2,1
2026-03-05,600519,13:52:12,1400.2400,1,1
2026-03-05,600519,13:52:24,1400.2400,2,4
2026-03-05,600519,13:52:30,1400.2200,2,2
2026-03-05,600519,13:52:33,1400.2200,4,2
2026-03-05,600519,13:52:36,1400.2400,5,1
2026-03-05,600519,13:52:39,1400.2200,2,2
2026-03-05,600519,13:52:45,1400.2600,7,1
2026-03-05,600519,13:52:48,1400.2300,3,2
2026-03-05,600519,13:52:51,1400.2500,2,1
2026-03-05,600519,13:52:54,1400.2300,1,2
2026-03-05,600519,13:52:57,1400.2300,8,1
2026-03-05,600519,13:53:00,1400.2200,7,2
2026-03-05,600519,13:53:03,1400.2300,2,1
2026-03-05,600519,13:53:09,1400.2000,7,2
2026-03-05,600519,13:53:12,1400.1500,6,2
2026-03-05,600519,13:53:15,1400.1500,3,2
2026-03-05,600519,13:53:18,1400.1400,19,2
2026-03-05,600519,13:53:21,1400.1100,14,2
2026-03-05,600519,13:53:24,1400.0699,20,2
2026-03-05,600519,13:53:27,1399.9100,137,2
2026-03-05,600519,13:53:30,1399.8400,11,2
2026-03-05,600519,13:53:33,1399.8000,5,2
2026-03-05,600519,13:53:36,1399.8000,1,2
2026-03-05,600519,13:53:39,1399.8000,5,2
2026-03-05,600519,13:53:45,1399.8800,2,1
2026-03-05,600519,13:53:48,1399.8800,2,1
2026-03-05,600519,13:53:51,1399.8800,2,1
2026-03-05,600519,13:54:00,1399.8101,4,2
2026-03-05,600519,13:54:03,1399.8800,2,1
2026-03-05,600519,13:54:06,1399.8700,2,1
2026-03-05,600519,13:54:12,1399.8101,2,2
2026-03-05,600519,13:54:15,1399.8700,3,1
2026-03-05,600519,13:54:18,1399.8101,4,2
2026-03-05,600519,13:54:21,1399.8800,6,1
2026-03-05,600519,13:54:24,1399.8800,1,1
2026-03-05,600519,13:54:27,1399.8700,6,2
2026-03-05,600519,13:54:30,1399.8700,3,1
2026-03-05,600519,13:54:33,1399.8800,2,1
2026-03-05,600519,13:54:36,1399.9399,14,1
2026-03-05,600519,13:54:39,1399.8600,5,2
2026-03-05,600519,13:54:42,1399.8101,4,2
2026-03-05,600519,13:54:45,1399.8600,20,1
2026-03-05,600519,13:54:51,1399.7300,7,2
2026-03-05,600519,13:54:54,1399.7000,3,2
2026-03-05,600519,13:54:57,1399.6801,6,2
2026-03-05,600519,13:55:00,1399.6000,64,2
2026-03-05,600519,13:55:03,1399.2000,21,2
2026-03-05,600519,13:55:06,1399.0000,54,2
2026-03-05,600519,13:55:09,1398.8800,18,2
2026-03-05,600519,13:55:12,1399.0000,7,2
2026-03-05,600519,13:55:15,1398.4399,20,2
2026-03-05,600519,13:55:18,1398.4000,2,2
2026-03-05,600519,13:55:21,1398.2800,8,2
2026-03-05,600519,13:55:24,1398.2300,4,2
2026-03-05,600519,13:55:27,1398.2600,1,2
2026-03-05,600519,13:55:30,1398.2400,3,2
2026-03-05,600519,13:55:33,1398.2800,4,2
2026-03-05,600519,13:55:36,1398.2300,5,2
2026-03-05,600519,13:55:39,1399.2000,10,1
2026-03-05,600519,13:55:42,1398.2800,8,1
2026-03-05,600519,13:55:45,1398.1801,9,2
2026-03-05,600519,13:55:48,1398.2400,2,1
2026-03-05,600519,13:55:51,1398.1600,9,2
2026-03-05,600519,13:55:54,1398.1801,2,1
2026-03-05,600519,13:55:57,1398.2600,3,1
2026-03-05,600519,13:56:00,1398.3101,2,2
2026-03-05,600519,13:56:06,1398.3300,4,2
2026-03-05,600519,13:56:09,1398.3199,1,2
2026-03-05,600519,13:56:12,1398.7300,4,1
2026-03-05,600519,13:56:15,1398.2600,4,2
2026-03-05,600519,13:56:18,1398.2500,12,2
2026-03-05,600519,13:56:21,1398.2400,5,2
2026-03-05,600519,13:56:24,1398.2600,3,1
2026-03-05,600519,13:56:27,1398.3000,1,2
2026-03-05,600519,13:56:30,1398.2600,3,2
2026-03-05,600519,13:56:33,1398.2500,5,2
2026-03-05,600519,13:56:36,1398.2600,1,2
2026-03-05,600519,13:56:39,1398.2500,6,2
2026-03-05,600519,13:56:42,1398.2600,3,2
2026-03-05,600519,13:56:48,1398.2500,1,2
2026-03-05,600519,13:56:51,1398.2600,3,1
2026-03-05,600519,13:56:54,1398.2600,3,2
2026-03-05,600519,13:56:57,1398.2600,1,2
2026-03-05,600519,13:57:00,1398.3101,18,1
2026-03-05,600519,13:57:03,1398.2600,7,2
2026-03-05,600519,13:57:06,1398.2700,5,1
2026-03-05,600519,13:57:09,1398.2700,4,1
2026-03-05,600519,13:57:12,1398.2500,10,2
2026-03-05,600519,13:57:15,1398.2700,3,1
2026-03-05,600519,13:57:18,1398.2400,25,2
2026-03-05,600519,13:57:21,1398.2700,7,1
2026-03-05,600519,13:57:24,1398.2500,3,2
2026-03-05,600519,13:57:27,1398.2700,6,2
2026-03-05,600519,13:57:30,1398.2500,3,2
2026-03-05,600519,13:57:33,1398.2500,1,2
2026-03-05,600519,13:57:36,1398.2600,6,1
2026-03-05,600519,13:57:39,1398.2600,4,1
2026-03-05,600519,13:57:45,1398.2300,7,2
2026-03-05,600519,13:57:48,1398.2500,4,1
2026-03-05,600519,13:57:51,1398.2500,3,1
2026-03-05,600519,13:57:57,1398.2500,3,1
2026-03-05,600519,13:58:00,1398.2600,6,2
2026-03-05,600519,13:58:06,1398.3101,6,1
2026-03-05,600519,13:58:09,1398.2500,11,2
2026-03-05,600519,13:58:12,1398.2100,5,2
2026-03-05,600519,13:58:15,1398.2500,2,1
2026-03-05,600519,13:58:18,1398.3199,15,1
2026-03-05,600519,13:58:21,1398.2000,2,2
2026-03-05,600519,13:58:24,1398.2600,1,2
2026-03-05,600519,13:58:27,1398.2600,1,2
2026-03-05,600519,13:58:30,1398.3600,13,1
2026-03-05,600519,13:58:33,1398.2000,3,2
2026-03-05,600519,13:58:36,1398.2600,10,2
2026-03-05,600519,13:58:39,1398.2600,7,1
2026-03-05,600519,13:58:42,1398.1801,16,2
2026-03-05,600519,13:58:45,1398.3500,11,1
2026-03-05,600519,13:58:48,1398.2600,2,2
2026-03-05,600519,13:58:51,1398.2500,4,2
2026-03-05,600519,13:58:54,1398.2600,2,2
2026-03-05,600519,13:58:57,1398.2000,6,2
2026-03-05,600519,13:59:00,1398.1600,10,2
2026-03-05,600519,13:59:03,1398.1100,69,2
2026-03-05,600519,13:59:06,1398.0200,5,2
2026-03-05,600519,13:59:09,1398.0100,4,2
2026-03-05,600519,13:59:12,1398.0100,11,2
2026-03-05,600519,13:59:15,1398.0000,18,2
2026-03-05,600519,13:59:18,1398.1200,17,1
2026-03-05,600519,13:59:21,1398.0000,6,2
2026-03-05,600519,13:59:24,1398.0000,24,2
2026-03-05,600519,13:59:27,1398.0000,20,2
2026-03-05,600519,13:59:30,1398.0000,9,2
2026-03-05,600519,13:59:33,1398.0000,4,2
2026-03-05,600519,13:59:36,1398.1200,4,1
2026-03-05,600519,13:59:39,1398.0000,3,2
2026-03-05,600519,13:59:42,1398.0000,9,2
2026-03-05,600519,13:59:45,1397.0100,223,2
2026-03-05,600519,13:59:48,1396.9500,51,2
2026-03-05,600519,13:59:51,1396.9900,10,1
2026-03-05,600519,13:59:57,1396.6700,3,2
2026-03-05,600519,14:00:00,1396.6600,4,2
2026-03-05,600519,14:00:03,1396.5100,3,2
2026-03-05,600519,14:00:06,1396.5100,4,2
2026-03-05,600519,14:00:09,1396.2300,14,2
2026-03-05,600519,14:00:15,1396.1000,23,2
2026-03-05,600519,14:00:18,1397.0000,16,1
2026-03-05,600519,14:00:21,1396.6500,4,2
2026-03-05,600519,14:00:30,1396.6500,21,2
2026-03-05,600519,14:00:33,1396.4800,7,2
2026-03-05,600519,14:00:36,1396.4600,1,1
2026-03-05,600519,14:00:39,1396.4700,2,1
2026-03-05,600519,14:00:42,1396.4700,11,1
2026-03-05,600519,14:00:45,1396.0000,41,2
2026-03-05,600519,14:00:48,1396.3700,3,2
2026-03-05,600519,14:00:51,1396.4800,1,1
2026-03-05,600519,14:00:54,1396.4800,20,1
2026-03-05,600519,14:00:57,1396.4800,7,1
2026-03-05,600519,14:01:00,1396.3900,2,2
2026-03-05,600519,14:01:03,1396.4600,5,2
2026-03-05,600519,14:01:06,1396.3900,5,2
2026-03-05,600519,14:01:09,1396.0000,8,2
2026-03-05,600519,14:01:12,1396.0000,2,2
2026-03-05,600519,14:01:15,1396.0000,29,2
2026-03-05,600519,14:01:18,1396.0000,15,2
2026-03-05,600519,14:01:21,1396.3900,17,1
2026-03-05,600519,14:01:24,1396.0100,6,2
2026-03-05,600519,14:01:27,1396.4399,7,1
2026-03-05,600519,14:01:30,1396.4000,1,1
2026-03-05,600519,14:01:33,1396.4500,4,1
2026-03-05,600519,14:01:36,1396.3900,1,2
2026-03-05,600519,14:01:39,1396.4399,2,1
2026-03-05,600519,14:01:42,1396.4399,2,1
2026-03-05,600519,14:01:45,1396.4301,33,1
2026-03-05,600519,14:01:48,1396.5000,37,1
2026-03-05,600519,14:01:51,1396.5000,6,2
2026-03-05,600519,14:01:54,1396.0000,16,2
2026-03-05,600519,14:01:57,1396.5000,1,1
2026-03-05,600519,14:02:00,1396.0100,1,2
2026-03-05,600519,14:02:03,1396.5000,4,1
2026-03-05,600519,14:02:09,1396.4800,3,1
2026-03-05,600519,14:02:12,1396.4900,1,1
2026-03-05,600519,10:30:39,1403.5000,12,1
2026-03-05,600519,10:30:42,1404.0000,6,1
2026-03-05,600519,10:30:45,1404.4800,11,1
2026-03-05,600519,10:30:48,1404.4700,216,2
2026-03-05,600519,10:30:51,1404.4700,38,2
2026-03-05,600519,10:30:54,1404.2600,16,2
2026-03-05,600519,10:30:57,1404.4700,12,1
2026-03-05,600519,10:31:00,1403.3300,5,2
2026-03-05,600519,10:31:03,1403.3400,2,2
2026-03-05,600519,10:31:09,1403.6801,3,1
2026-03-05,600519,10:31:12,1403.3400,3,2
2026-03-05,600519,10:31:18,1404.5000,4,1
2026-03-05,600519,10:31:24,1404.5400,4,2
2026-03-05,600519,10:31:27,1404.5100,4,2
2026-03-05,600519,10:31:30,1404.5500,10,1
2026-03-05,600519,10:31:33,1404.6200,1,1
2026-03-05,600519,10:31:36,1404.6500,3,2
2026-03-05,600519,10:31:39,1404.5500,2,2
2026-03-05,600519,10:31:42,1404.7300,1,1
2026-03-05,600519,10:31:45,1404.5500,6,2
2026-03-05,600519,10:31:48,1404.7300,5,1
2026-03-05,600519,10:31:51,1404.7400,4,2
2026-03-05,600519,10:31:54,1404.7400,5,2
2026-03-05,600519,10:31:57,1404.9301,1,1
2026-03-05,600519,10:32:00,1404.9301,6,1
2026-03-05,600519,10:32:03,1404.9500,1,1
2026-03-05,600519,10:32:06,1405.0000,2,1
2026-03-05,600519,10:32:09,1405.0000,2,1
2026-03-05,600519,10:32:12,1405.0000,2,1
2026-03-05,600519,10:32:15,1405.0000,2,1
2026-03-05,600519,10:32:18,1405.0000,6,1
2026-03-05,600519,10:32:24,1405.2800,1,1
2026-03-05,600519,10:32:27,1405.2800,1,1
2026-03-05,600519,10:32:30,1405.2900,1,2
2026-03-05,600519,10:32:33,1405.3700,4,1
2026-03-05,600519,10:32:39,1405.4700,1,1
2026-03-05,600519,10:32:42,1405.4500,2,2
2026-03-05,600519,10:32:45,1405.5300,3,1
2026-03-05,600519,10:32:48,1405.5800,5,1
2026-03-05,600519,10:32:51,1405.4700,14,2
2026-03-05,600519,10:32:54,1405.4301,13,2
2026-03-05,600519,10:32:57,1405.2800,4,2
2026-03-05,600519,10:33:00,1405.0100,4,2
2026-03-05,600519,10:33:03,1405.4301,4,1
2026-03-05,600519,10:33:06,1405.4200,1,1
2026-03-05,600519,10:33:09,1405.0100,3,2
2026-03-05,600519,10:33:15,1405.0000,6,2
2026-03-05,600519,10:33:18,1404.9900,14,1
2026-03-05,600519,10:33:21,1405.4301,3,1
2026-03-05,600519,10:33:27,1405.0000,1,2
2026-03-05,600519,10:33:30,1405.0100,1,2
2026-03-05,600519,10:33:33,1405.0100,4,2
2026-03-05,600519,10:33:36,1405.5000,5,1
2026-03-05,600519,10:33:39,1405.4301,4,1
2026-03-05,600519,10:33:42,1405.4200,3,1
2026-03-05,600519,10:33:45,1405.0100,2,2
2026-03-05,600519,10:33:48,1404.9600,7,2
2026-03-05,600519,10:33:51,1405.0200,1,2
2026-03-05,600519,10:33:54,1405.0200,1,2
2026-03-05,600519,10:33:57,1404.9600,15,2
2026-03-05,600519,10:34:00,1404.3000,42,2
2026-03-05,600519,10:34:03,1403.3400,85,2
2026-03-05,600519,10:34:06,1403.3300,3,2
2026-03-05,600519,10:34:09,1403.8800,3,1
2026-03-05,600519,10:34:12,1403.2400,2,2
2026-03-05,600519,10:34:18,1403.2400,1,2
2026-03-05,600519,10:34:27,1403.8800,1,1
2026-03-05,600519,10:34:30,1403.3400,1,2
2026-03-05,600519,10:34:33,1403.8800,4,1
2026-03-05,600519,10:34:39,1403.9000,8,1
2026-03-05,600519,10:34:42,1403.8800,5,2
2026-03-05,600519,10:34:45,1403.8900,1,2
2026-03-05,600519,10:34:48,1403.8000,1,2
2026-03-05,600519,10:34:51,1403.8800,3,2
2026-03-05,600519,10:34:54,1403.9800,8,1
2026-03-05,600519,10:34:57,1404.0000,4,2
2026-03-05,600519,10:35:00,1403.8800,5,2
2026-03-05,600519,10:35:06,1403.9000,1,2
2026-03-05,600519,10:35:09,1403.8900,11,4
2026-03-05,600519,10:35:12,1403.8000,11,2
2026-03-05,600519,10:35:18,1403.3300,3,2
2026-03-05,600519,10:35:21,1403.0900,10,2
2026-03-05,600519,10:35:24,1403.4500,1,1
2026-03-05,600519,10:35:27,1403.0900,3,2
2026-03-05,600519,10:35:30,1403.1600,11,2
2026-03-05,600519,10:35:33,1403.2200,5,1
2026-03-05,600519,10:35:36,1403.0900,2,2
2026-03-05,600519,10:35:39,1403.2400,2,1
2026-03-05,600519,10:35:42,1403.1600,3,2
2026-03-05,600519,10:35:45,1403.3199,8,1
2026-03-05,600519,10:35:48,1403.1600,1,2
2026-03-05,600519,10:35:51,1403.0699,7,2
2026-03-05,600519,10:35:54,1403.0000,6,2
2026-03-05,600519,10:36:00,1403.0000,2,1
2026-03-05,600519,10:36:03,1403.0699,8,1
2026-03-05,600519,10:36:06,1403.0699,8,2
2026-03-05,600519,10:36:09,1403.0800,1,2
2026-03-05,600519,10:36:12,1403.0601,6,2
2026-03-05,600519,10:36:15,1403.0100,3,2
2026-03-05,600519,10:36:18,1402.9200,4,2
2026-03-05,600519,10:36:21,1402.9200,7,2
2026-03-05,600519,10:36:24,1402.9200,9,2
2026-03-05,600519,10:36:27,1402.9200,1,1
2026-03-05,600519,10:36:30,1402.8900,6,2
2026-03-05,600519,10:36:33,1402.9200,3,1
2026-03-05,600519,10:36:39,1402.9100,1,2
2026-03-05,600519,10:36:42,1402.8900,3,2
2026-03-05,600519,10:36:45,1402.9200,1,1
2026-03-05,600519,10:36:48,1402.9100,1,2
2026-03-05,600519,10:36:51,1402.8800,5,2
2026-03-05,600519,10:36:54,1402.8800,1,1
2026-03-05,600519,10:36:57,1402.8400,1,2
2026-03-05,600519,10:37:00,1402.8300,1,2
2026-03-05,600519,10:37:03,1402.8300,7,2
2026-03-05,600519,10:37:06,1402.8300,3,1
2026-03-05,600519,10:37:09,1402.8199,1,1
2026-03-05,600519,10:37:12,1402.3300,2,2
2026-03-05,600519,10:37:15,1402.8101,3,1
2026-03-05,600519,10:37:18,1402.1200,1,2
2026-03-05,600519,10:37:21,1402.0900,5,2
2026-03-05,600519,10:37:24,1402.1100,4,1
2026-03-05,600519,10:37:27,1402.1100,6,2
2026-03-05,600519,10:37:30,1402.0900,3,2
2026-03-05,600519,10:37:33,1402.1100,3,2
2026-03-05,600519,10:37:36,1402.1200,4,2
2026-03-05,600519,10:37:39,1402.6801,1,1
2026-03-05,600519,10:37:45,1402.8400,30,1
2026-03-05,600519,10:37:48,1403.4399,1,1
2026-03-05,600519,10:37:51,1402.7000,2,2
2026-03-05,600519,10:37:54,1402.7000,3,2
2026-03-05,600519,10:37:57,1403.4399,1,1
2026-03-05,600519,10:38:00,1402.7400,3,2
2026-03-05,600519,10:38:03,1402.7300,1,2
2026-03-05,600519,10:38:06,1402.7300,11,2
2026-03-05,600519,10:38:09,1403.4399,3,1
2026-03-05,600519,10:38:12,1402.8000,4,2
2026-03-05,600519,10:38:15,1403.4399,4,1
2026-03-05,600519,10:38:18,1403.4399,1,1
2026-03-05,600519,10:38:21,1403.4399,6,1
2026-03-05,600519,10:38:24,1403.5100,1,1
2026-03-05,600519,10:38:27,1402.7100,2,2
2026-03-05,600519,10:38:30,1402.7000,1,2
2026-03-05,600519,10:38:33,1402.7300,2,2
2026-03-05,600519,10:38:39,1402.7300,2,2
2026-03-05,600519,10:38:42,1403.5000,2,1
2026-03-05,600519,10:38:48,1403.5100,9,1
2026-03-05,600519,10:38:51,1402.9100,3,2
2026-03-05,600519,10:38:54,1403.4800,3,1
2026-03-05,600519,10:38:57,1403.4800,1,1
2026-03-05,600519,10:39:00,1403.0100,10,2
2026-03-05,600519,10:39:03,1403.0000,2,2
2026-03-05,600519,10:39:06,1403.0000,3,2
2026-03-05,600519,10:39:09,1403.8600,7,1
2026-03-05,600519,10:39:12,1403.0000,1,2
2026-03-05,600519,10:39:15,1403.8600,12,1
2026-03-05,600519,10:39:18,1403.8500,1,1
2026-03-05,600519,10:39:21,1403.0000,15,2
2026-03-05,600519,10:39:24,1403.0000,1,2
2026-03-05,600519,10:39:27,1402.8000,5,2
2026-03-05,600519,10:39:30,1402.7700,12,2
2026-03-05,600519,10:39:33,1402.8000,1,1
2026-03-05,600519,10:39:36,1402.8800,12,2
2026-03-05,600519,10:39:39,1403.8300,11,1
2026-03-05,600519,10:39:42,1403.8199,11,1
2026-03-05,600519,10:39:45,1402.8000,3,2
2026-03-05,600519,10:39:48,1402.8800,1,2
2026-03-05,600519,10:39:51,1403.8101,9,1
2026-03-05,600519,10:39:54,1402.8800,1,2
2026-03-05,600519,10:39:57,1403.7800,2,1
2026-03-05,600519,10:40:00,1402.8900,1,2
2026-03-05,600519,10:40:06,1403.7700,2,1
2026-03-05,600519,10:40:09,1403.7700,3,1
2026-03-05,600519,10:40:15,1403.7900,3,1
2026-03-05,600519,10:40:18,1403.8500,13,1
2026-03-05,600519,10:40:21,1404.4301,4,1
2026-03-05,600519,10:40:30,1404.1500,4,2
2026-03-05,600519,10:40:36,1404.6000,2,1
2026-03-05,600519,10:40:39,1404.1200,8,2
2026-03-05,600519,10:40:42,1403.8300,5,2
2026-03-05,600519,10:40:48,1403.8300,3,2
2026-03-05,600519,10:40:51,1403.8300,4,2
2026-03-05,600519,10:40:54,1403.8300,1,2
2026-03-05,600519,10:41:00,1403.7800,1,2
2026-03-05,600519,10:41:03,1403.7800,5,2
2026-03-05,600519,10:41:06,1403.2000,2,2
2026-03-05,600519,10:41:12,1403.8000,2,1
2026-03-05,600519,10:41:18,1403.8101,1,1
2026-03-05,600519,10:41:24,1403.2100,2,2
2026-03-05,600519,10:41:27,1403.2100,2,2
2026-03-05,600519,10:41:30,1403.2200,16,2
2026-03-05,600519,10:41:33,1403.8101,13,1
2026-03-05,600519,10:41:36,1403.2100,3,2
2026-03-05,600519,10:41:39,1403.3000,11,2
2026-03-05,600519,10:41:45,1402.8900,11,2
2026-03-05,600519,10:41:48,1403.2200,9,1
2026-03-05,600519,10:41:51,1402.5800,11,2
2026-03-05,600519,10:41:54,1402.9500,3,1
2026-03-05,600519,10:42:00,1402.3101,12,2
2026-03-05,600519,10:42:03,1403.7900,10,1
2026-03-05,600519,10:42:06,1403.8000,1,1
2026-03-05,600519,10:42:12,1403.7900,1,1
2026-03-05,600519,10:42:18,1403.7900,2,2
2026-03-05,600519,10:42:21,1403.5000,8,1
2026-03-05,600519,10:42:24,1403.0000,9,2
2026-03-05,600519,10:42:27,1402.9700,7,2
2026-03-05,600519,10:42:30,1402.1000,8,2
2026-03-05,600519,10:42:33,1402.3000,9,2
2026-03-05,600519,10:42:36,1402.9700,2,1
2026-03-05,600519,10:42:39,1403.0699,2,1
2026-03-05,600519,10:42:42,1403.0000,2,1
2026-03-05,600519,10:42:48,1403.1801,1,2
2026-03-05,600519,10:42:51,1403.1801,2,2
2026-03-05,600519,10:42:54,1403.3000,13,1
2026-03-05,600519,10:42:57,1403.2900,4,1
2026-03-05,600519,10:43:00,1403.0100,1,2
2026-03-05,600519,10:43:06,1403.0000,3,2
2026-03-05,600519,10:43:09,1403.0000,3,2
2026-03-05,600519,10:43:12,1402.6000,4,2
2026-03-05,600519,10:43:15,1403.0000,1,1
2026-03-05,600519,10:43:21,1400.9800,97,2
2026-03-05,600519,10:43:24,1402.0601,6,1
2026-03-05,600519,10:43:30,1401.1500,1,2
2026-03-05,600519,10:43:33,1401.1300,2,2
2026-03-05,600519,10:43:36,1402.0500,1,1
2026-03-05,600519,10:43:39,1401.1600,3,2
2026-03-05,600519,10:43:45,1402.0500,1,1
2026-03-05,600519,10:43:48,1401.9900,7,1
2026-03-05,600519,10:43:54,1401.4000,2,2
2026-03-05,600519,10:43:57,1401.9900,3,1
2026-03-05,600519,10:44:00,1401.5000,1,2
2026-03-05,600519,10:44:09,1401.8900,3,1
2026-03-05,600519,10:44:12,1401.8900,4,1
2026-03-05,600519,10:44:15,1401.5200,2,2
2026-03-05,600519,10:44:18,1401.4900,5,2
2026-03-05,600519,10:44:21,1401.3800,9,2
2026-03-05,600519,10:44:24,1401.3800,4,1
2026-03-05,600519,10:44:27,1401.3800,5,1
2026-03-05,600519,10:44:30,1401.1600,1,2
2026-03-05,600519,10:44:33,1401.3800,2,1
2026-03-05,600519,10:44:36,1401.1600,1,2
2026-03-05,600519,10:44:39,1401.1200,5,2
2026-03-05,600519,10:44:42,1401.1600,2,2
2026-03-05,600519,10:44:45,1401.1801,2,2
2026-03-05,600519,10:44:48,1401.0699,5,2
2026-03-05,600519,10:44:51,1401.1200,2,2
2026-03-05,600519,10:44:54,1401.1200,1,2
2026-03-05,600519,10:44:57,1401.1200,1,2
2026-03-05,600519,10:45:00,1401.3600,2,1
2026-03-05,600519,10:45:03,1401.2000,2,2
2026-03-05,600519,10:45:09,1401.2000,3,1
2026-03-05,600519,10:45:15,1401.1899,2,1
2026-03-05,600519,10:45:18,1401.1899,2,2
2026-03-05,600519,10:45:21,1401.2000,1,1
2026-03-05,600519,10:45:24,1401.2000,1,1
2026-03-05,600519,10:45:27,1401.3700,1,1
2026-03-05,600519,10:45:30,1401.2000,22,2
2026-03-05,600519,10:45:33,1401.3600,6,1
2026-03-05,600519,10:45:36,1401.3700,4,1
2026-03-05,600519,10:45:39,1401.2000,5,2
2026-03-05,600519,10:45:42,1401.3600,3,1
2026-03-05,600519,10:45:45,1401.2300,23,2
2026-03-05,600519,10:45:48,1401.3600,9,1
2026-03-05,600519,10:45:51,1401.3600,2,1
2026-03-05,600519,10:45:54,1401.2300,1,2
2026-03-05,600519,10:45:57,1401.3800,1,1
2026-03-05,600519,10:46:00,1401.3800,4,1
2026-03-05,600519,10:46:03,1401.8800,3,1
2026-03-05,600519,10:46:06,1401.3700,3,2
2026-03-05,600519,10:46:18,1401.8700,1,1
2026-03-05,600519,10:46:24,1401.9000,9,1
2026-03-05,600519,10:46:27,1402.0000,6,1
2026-03-05,600519,10:46:30,1402.6500,127,1
2026-03-05,600519,10:46:33,1403.1801,6,2
2026-03-05,600519,10:46:36,1403.8900,40,1
2026-03-05,600519,10:46:42,1403.8000,1,1
2026-03-05,600519,10:46:45,1403.1700,12,1
2026-03-05,600519,10:46:51,1402.1801,5,2
2026-03-05,600519,10:46:54,1403.1400,11,1
2026-03-05,600519,10:46:57,1401.9000,5,2
2026-03-05,600519,10:47:00,1402.1801,2,2
2026-03-05,600519,10:47:03,1403.1300,12,1
2026-03-05,600519,10:47:06,1403.1801,4,1
2026-03-05,600519,10:47:09,1403.1801,16,1
2026-03-05,600519,10:47:12,1402.3101,4,2
2026-03-05,600519,10:47:15,1402.3000,3,2
2026-03-05,600519,10:47:18,1402.3000,1,2
2026-03-05,600519,10:47:21,1402.3000,1,2
2026-03-05,600519,10:47:24,1402.3000,3,1
2026-03-05,600519,10:47:27,1402.3400,4,2
2026-03-05,600519,10:47:30,1402.3500,1,2
2026-03-05,600519,10:47:33,1402.3400,5,2
2026-03-05,600519,10:47:36,1402.3400,2,2
2026-03-05,600519,10:47:39,1402.3400,6,1
2026-03-05,600519,10:47:45,1402.3600,3,2
2026-03-05,600519,10:47:48,1403.0000,1,1
2026-03-05,600519,10:47:51,1403.4399,5,1
2026-03-05,600519,10:47:54,1403.4399,4,1
2026-03-05,600519,10:47:57,1403.4301,3,1
2026-03-05,600519,10:48:00,1402.3400,1,2
2026-03-05,600519,10:48:03,1402.3600,3,2
2026-03-05,600519,10:48:09,1402.6600,2,2
2026-03-05,600519,10:48:12,1403.4900,1,1
2026-03-05,600519,10:48:15,1403.4399,1,1
2026-03-05,600519,10:48:18,1403.4900,5,1
2026-03-05,600519,10:48:21,1403.4399,8,2
2026-03-05,600519,10:48:24,1403.4900,5,1
2026-03-05,600519,10:48:27,1402.3600,4,2
2026-03-05,600519,10:48:30,1402.4100,6,2
2026-03-05,600519,10:48:33,1403.4900,2,1
2026-03-05,600519,10:48:36,1403.4900,2,1
2026-03-05,600519,10:48:42,1402.5000,1,2
2026-03-05,600519,10:48:45,1403.4900,11,1
2026-03-05,600519,10:48:48,1402.5000,3,2
2026-03-05,600519,10:48:51,1403.4800,3,1
2026-03-05,600519,10:48:54,1402.4399,3,2
2026-03-05,600519,10:48:57,1402.4200,7,2
2026-03-05,600519,10:49:00,1402.4100,7,2
2026-03-05,600519,10:49:09,1403.4000,3,1
2026-03-05,600519,10:49:15,1403.0000,1,1
2026-03-05,600519,10:49:18,1402.9900,2,1
2026-03-05,600519,10:49:21,1402.3900,4,2
2026-03-05,600519,10:49:24,1402.9900,2,1
2026-03-05,600519,10:49:27,1403.3900,5,1
2026-03-05,600519,10:49:30,1402.5000,4,2
2026-03-05,600519,10:49:33,1403.0000,2,1
2026-03-05,600519,10:49:36,1402.9900,1,2
2026-03-05,600519,10:49:39,1402.9900,6,1
2026-03-05,600519,10:49:42,1402.5000,2,2
2026-03-05,600519,10:49:48,1403.3500,1,1
2026-03-05,600519,10:49:51,1402.5300,1,2
2026-03-05,600519,10:49:57,1403.3500,2,1
2026-03-05,600519,10:50:00,1402.7500,7,2
2026-03-05,600519,10:50:03,1403.3101,3,1
2026-03-05,600519,10:50:06,1402.7500,2,2
2026-03-05,600519,10:50:09,1402.7500,2,2
2026-03-05,600519,10:50:12,1402.9900,5,1
2026-03-05,600519,10:50:18,1402.7400,3,1
2026-03-05,600519,10:50:21,1402.5300,1,2
2026-03-05,600519,10:50:24,1402.7100,11,1
2026-03-05,600519,10:50:27,1402.7200,7,1
2026-03-05,600519,10:50:30,1402.5000,5,2
2026-03-05,600519,10:50:33,1402.7200,4,1
2026-03-05,600519,10:50:36,1402.7200,23,1
2026-03-05,600519,10:50:39,1402.5100,5,2
2026-03-05,600519,10:50:42,1402.7100,3,1
2026-03-05,600519,10:50:45,1402.7100,4,1
2026-03-05,600519,10:50:48,1402.4000,2,2
2026-03-05,600519,10:50:51,1402.7100,1,1
2026-03-05,600519,10:50:57,1402.7100,3,2
2026-03-05,600519,10:51:00,1402.7100,4,2
2026-03-05,600519,10:51:03,1402.7100,1,2
2026-03-05,600519,10:51:06,1402.7200,6,1
2026-03-05,600519,10:51:09,1402.7200,4,1
2026-03-05,600519,10:51:12,1402.7200,4,1
2026-03-05,600519,10:51:15,1402.7200,4,1
2026-03-05,600519,10:51:18,1402.8101,5,1
2026-03-05,600519,10:51:24,1403.0000,23,1
2026-03-05,600519,10:51:27,1403.0000,6,1
2026-03-05,600519,10:51:30,1402.7100,14,2
2026-03-05,600519,10:51:33,1402.2200,25,2
2026-03-05,600519,10:51:36,1402.4900,4,1
2026-03-05,600519,10:51:39,1402.1801,2,2
2026-03-05,600519,10:51:45,1402.4800,3,1
2026-03-05,600519,10:51:51,1402.1801,1,2
2026-03-05,600519,10:51:57,1402.4500,1,1
2026-03-05,600519,10:52:00,1402.4500,13,1
2026-03-05,600519,10:52:03,1402.4600,5,1
2026-03-05,600519,10:52:06,1402.4600,1,1
2026-03-05,600519,10:52:09,1402.4800,5,1
2026-03-05,600519,10:52:15,1402.4600,1,1
2026-03-05,600519,10:52:18,1402.4500,1,2
2026-03-05,600519,10:52:21,1402.4600,3,1
2026-03-05,600519,10:52:27,1402.5000,3,1
2026-03-05,600519,10:52:30,1402.5000,1,2
2026-03-05,600519,10:52:33,1402.5000,3,2
2026-03-05,600519,10:52:36,1402.5000,2,2
2026-03-05,600519,10:52:39,1403.0000,2,1
2026-03-05,600519,10:52:42,1403.0000,1,1
2026-03-05,600519,10:52:51,1403.3400,35,1
2026-03-05,600519,10:52:54,1403.4000,9,1
2026-03-05,600519,10:53:00,1403.3700,2,2
2026-03-05,600519,10:53:03,1403.4000,5,1
2026-03-05,600519,10:53:06,1403.3800,10,2
2026-03-05,600519,10:53:09,1403.4000,8,1
2026-03-05,600519,10:53:12,1403.3600,3,2
2026-03-05,600519,10:53:15,1403.3600,2,1
2026-03-05,600519,10:53:18,1403.3800,2,1
2026-03-05,600519,10:53:27,1403.3600,6,1
2026-03-05,600519,10:53:33,1403.3600,10,1
2026-03-05,600519,10:53:36,1403.3800,13,1
2026-03-05,600519,10:53:39,1403.3800,17,2
2026-03-05,600519,10:53:42,1403.3101,3,2
2026-03-05,600519,10:53:45,1403.4000,3,1
2026-03-05,600519,10:53:48,1403.4000,11,2
2026-03-05,600519,10:53:51,1403.4000,1,1
2026-03-05,600519,10:53:54,1403.4000,2,1
2026-03-05,600519,10:53:57,1403.3600,12,2
2026-03-05,600519,10:54:00,1403.3600,8,1
2026-03-05,600519,10:54:03,1403.4000,25,1
2026-03-05,600519,10:54:06,1403.4000,13,1
2026-03-05,600519,10:54:09,1403.0000,2,2
2026-03-05,600519,10:54:12,1403.4000,10,1
2026-03-05,600519,10:54:15,1403.0000,1,2
2026-03-05,600519,10:54:18,1403.4000,10,1
2026-03-05,600519,10:54:21,1404.0000,42,1
2026-03-05,600519,10:54:24,1403.4000,5,2
2026-03-05,600519,10:54:27,1403.6000,2,2
2026-03-05,600519,10:54:30,1403.6000,2,2
2026-03-05,600519,10:54:33,1403.6000,1,2
2026-03-05,600519,10:54:42,1403.9900,2,1
2026-03-05,600519,10:54:45,1403.9900,4,1
2026-03-05,600519,10:54:51,1403.9900,4,1
2026-03-05,600519,10:54:54,1403.9900,2,1
2026-03-05,600519,10:54:57,1403.9900,2,1
2026-03-05,600519,10:55:00,1403.9900,1,2
2026-03-05,600519,10:55:06,1403.9900,4,2
2026-03-05,600519,10:55:09,1403.9900,4,2
2026-03-05,600519,10:55:12,1403.9900,11,2
2026-03-05,600519,10:55:15,1403.9399,6,2
2026-03-05,600519,10:55:18,1403.8700,5,2
2026-03-05,600519,10:55:21,1403.9800,10,1
2026-03-05,600519,10:55:24,1403.6000,1,2
2026-03-05,600519,10:55:30,1403.6200,3,2
2026-03-05,600519,10:55:33,1403.8700,1,1
2026-03-05,600519,10:55:36,1403.8700,2,1
2026-03-05,600519,10:55:39,1403.8199,1,2
2026-03-05,600519,10:55:42,1403.8700,2,1
2026-03-05,600519,10:55:45,1403.8700,1,1
2026-03-05,600519,10:55:48,1403.8700,1,1
