date,code,time,price,volume,bs
2026-04-14,601318,14:06:35,58.7200,7,1
2026-04-14,601318,14:06:38,58.7400,253,1
2026-04-14,601318,14:06:41,58.7200,108,2
2026-04-14,601318,14:06:44,58.7100,40,2
2026-04-14,601318,14:06:47,58.7200,8,2
2026-04-14,601318,14:06:50,58.7300,1,4
2026-04-14,601318,14:06:53,58.7400,74,1
2026-04-14,601318,14:06:56,58.7300,5,2
2026-04-14,601318,14:06:59,58.7400,28,1
2026-04-14,601318,14:07:02,58.7300,23,2
2026-04-14,601318,14:07:05,58.7400,17,1
2026-04-14,601318,14:07:08,58.7300,51,2
2026-04-14,601318,14:07:11,58.7400,1,1
2026-04-14,601318,14:07:14,58.7400,79,1
2026-04-14,601318,14:07:17,58.7400,5,1
2026-04-14,601318,14:07:20,58.7400,57,1
2026-04-14,601318,14:07:23,58.7300,44,2
2026-04-14,601318,14:07:26,58.7300,54,1
2026-04-14,601318,14:07:29,58.7400,34,1
2026-04-14,601318,14:07:32,58.7300,9,4
2026-04-14,601318,14:07:35,58.7300,8,2
2026-04-14,601318,14:07:38,58.7200,24,2
2026-04-14,601318,14:07:41,58.7100,85,2
2026-04-14,601318,14:07:44,58.7100,19,2
2026-04-14,601318,14:07:47,58.7200,31,1
2026-04-14,601318,14:07:50,58.7200,3,1
2026-04-14,601318,14:07:53,58.7200,8,1
2026-04-14,601318,14:07:56,58.7200,17,1
2026-04-14,601318,14:07:59,58.7200,20,1
2026-04-14,601318,14:08:02,58.7300,28,1
2026-04-14,601318,14:08:05,58.7300,28,1
2026-04-14,601318,14:08:08,58.7300,54,1
2026-04-14,601318,14:08:11,58.7300,3,2
2026-04-14,601318,14:08:14,58.7400,2,1
2026-04-14,601318,14:08:17,58.7300,16,2
2026-04-14,601318,14:08:20,58.7300,18,2
2026-04-14,601318,14:08:23,58.7400,11,1
2026-04-14,601318,14:08:26,58.7200,21,2
2026-04-14,601318,14:08:29,58.7300,3,1
2026-04-14,601318,14:08:32,58.7200,8,2
2026-04-14,601318,14:08:35,58.7300,33,1
2026-04-14,601318,14:08:38,58.7400,2,1
2026-04-14,601318,14:08:41,58.7300,22,2
2026-04-14,601318,14:08:44,58.7300,46,1
2026-04-14,601318,14:08:47,58.7300,4,1
2026-04-14,601318,14:08:50,58.7300,103,1
2026-04-14,601318,14:08:53,58.7300,7,2
2026-04-14,601318,14:08:56,58.7300,122,2
2026-04-14,601318,14:08:59,58.7300,4,1
2026-04-14,601318,14:09:02,58.7300,5,1
2026-04-14,601318,14:09:08,58.7300,8,1
2026-04-14,601318,14:09:11,58.7300,19,1
2026-04-14,601318,14:09:14,58.7300,118,1
2026-04-14,601318,14:09:17,58.7300,1,2
2026-04-14,601318,14:09:20,58.7400,3,1
2026-04-14,601318,14:09:23,58.7300,6,2
2026-04-14,601318,14:09:26,58.7300,4,2
2026-04-14,601318,14:09:29,58.7300,9,2
2026-04-14,601318,14:09:32,58.7400,118,1
2026-04-14,601318,14:09:35,58.7400,1,1
2026-04-14,601318,14:09:38,58.7400,2,1
2026-04-14,601318,14:09:41,58.7300,128,2
2026-04-14,601318,14:09:44,58.7300,37,2
2026-04-14,601318,14:09:47,58.7200,58,2
2026-04-14,601318,14:09:50,58.7200,10,1
2026-04-14,601318,14:09:53,58.7100,75,2
2026-04-14,601318,14:09:56,58.7200,13,1
2026-04-14,601318,14:09:59,58.7300,8,1
2026-04-14,601318,14:10:02,58.7200,5,2
2026-04-14,601318,14:10:05,58.7200,107,2
2026-04-14,601318,14:10:08,58.7200,56,1
2026-04-14,601318,14:10:11,58.7200,23,2
2026-04-14,601318,14:10:14,58.7200,16,2
2026-04-14,601318,14:10:17,58.7200,1,2
2026-04-14,601318,14:10:20,58.7200,3,2
2026-04-14,601318,14:10:23,58.7200,6,2
2026-04-14,601318,14:10:26,58.7300,103,1
2026-04-14,601318,14:10:29,58.7300,5,2
2026-04-14,601318,14:10:32,58.7400,12,1
2026-04-14,601318,14:10:35,58.7300,35,2
2026-04-14,601318,14:10:39,58.7300,14,2
2026-04-14,601318,14:10:41,58.7300,86,2
2026-04-14,601318,14:10:47,58.7300,3,1
2026-04-14,601318,14:10:50,58.7300,20,1
2026-04-14,601318,14:10:53,58.7300,60,1
2026-04-14,601318,14:10:56,58.7300,132,2
2026-04-14,601318,14:10:59,58.7400,8,4
2026-04-14,601318,14:11:02,58.7300,19,2
2026-04-14,601318,14:11:05,58.7500,119,1
2026-04-14,601318,14:11:08,58.7400,9,2
2026-04-14,601318,14:11:11,58.7400,26,1
2026-04-14,601318,14:11:14,58.7300,10,2
2026-04-14,601318,14:11:17,58.7400,22,1
2026-04-14,601318,14:11:20,58.7400,3,2
2026-04-14,601318,14:11:23,58.7400,22,1
2026-04-14,601318,14:11:26,58.7400,17,4
2026-04-14,601318,14:11:29,58.7300,11,2
2026-04-14,601318,14:11:32,58.7400,10,1
2026-04-14,601318,14:11:35,58.7400,24,2
2026-04-14,601318,14:11:38,58.7400,5,1
2026-04-14,601318,14:11:41,58.7000,747,2
2026-04-14,601318,14:11:44,58.7200,38,1
2026-04-14,601318,14:11:47,58.7000,17,2
2026-04-14,601318,14:11:50,58.7000,23,2
2026-04-14,601318,14:11:53,58.7000,18,2
2026-04-14,601318,14:11:56,58.7100,37,1
2026-04-14,601318,14:11:59,58.7300,100,1
2026-04-14,601318,14:12:02,58.7100,2,2
2026-04-14,601318,14:12:08,58.7200,17,1
2026-04-14,601318,14:12:11,58.7100,4,2
2026-04-14,601318,14:12:14,58.7100,73,2
2026-04-14,601318,14:12:17,58.7100,20,2
2026-04-14,601318,14:12:21,58.7000,40,2
2026-04-14,601318,14:12:26,58.7100,38,1
2026-04-14,601318,14:12:29,58.7000,6,2
2026-04-14,601318,14:12:32,58.7000,86,2
2026-04-14,601318,14:12:35,58.7000,2,2
2026-04-14,601318,14:12:38,58.7100,33,1
2026-04-14,601318,14:12:41,58.7000,150,2
2026-04-14,601318,14:12:44,58.7000,57,1
2026-04-14,601318,14:12:47,58.7200,104,1
2026-04-14,601318,14:12:50,58.7200,30,1
2026-04-14,601318,14:12:53,58.7200,20,1
2026-04-14,601318,14:12:56,58.7200,35,2
2026-04-14,601318,14:12:59,58.7300,27,1
2026-04-14,601318,14:13:02,58.7300,157,2
2026-04-14,601318,14:13:05,58.7400,19,1
2026-04-14,601318,14:13:08,58.7500,81,1
2026-04-14,601318,14:13:11,58.7300,31,2
2026-04-14,601318,14:13:14,58.7300,10,2
2026-04-14,601318,14:13:17,58.7500,55,1
2026-04-14,601318,14:13:20,58.7300,7,2
2026-04-14,601318,14:13:23,58.7200,95,2
2026-04-14,601318,14:13:26,58.7300,24,1
2026-04-14,601318,14:13:29,58.7300,25,1
2026-04-14,601318,14:13:32,58.7300,6,2
2026-04-14,601318,14:13:35,58.7300,5,2
2026-04-14,601318,14:13:38,58.7300,6,2
2026-04-14,601318,14:13:41,58.7300,90,2
2026-04-14,601318,14:13:44,58.7300,103,1
2026-04-14,601318,14:13:47,58.7300,27,1
2026-04-14,601318,14:13:50,58.7300,4,2
2026-04-14,601318,14:13:53,58.7400,59,1
2026-04-14,601318,14:13:56,58.7300,12,2
2026-04-14,601318,14:13:59,58.7300,9,2
2026-04-14,601318,14:14:02,58.7300,17,2
2026-04-14,601318,14:14:05,58.7300,42,2
2026-04-14,601318,14:14:08,58.7300,8,2
2026-04-14,601318,14:14:11,58.7400,48,1
2026-04-14,601318,14:14:14,58.7300,14,2
2026-04-14,601318,14:14:17,58.7300,12,2
2026-04-14,601318,14:14:20,58.7300,6,2
2026-04-14,601318,14:14:23,58.7200,5,2
2026-04-14,601318,14:14:26,58.7200,9,2
2026-04-14,601318,14:14:29,58.7200,1,2
2026-04-14,601318,14:14:32,58.7300,9,1
2026-04-14,601318,14:14:35,58.7300,23,1
2026-04-14,601318,14:14:38,58.7200,6,2
2026-04-14,601318,14:14:41,58.7200,82,2
2026-04-14,601318,14:14:44,58.7100,89,2
2026-04-14,601318,14:14:47,58.7100,3,2
2026-04-14,601318,14:14:50,58.7200,2,1
2026-04-14,601318,14:14:53,58.7100,14,2
2026-04-14,601318,14:14:56,58.7100,12,2
2026-04-14,601318,14:14:59,58.7100,4,2
2026-04-14,601318,14:15:02,58.7100,41,2
2026-04-14,601318,14:15:05,58.7200,80,1
2026-04-14,601318,14:15:08,58.7100,2,2
2026-04-14,601318,14:15:11,58.7100,5,2
2026-04-14,601318,14:15:14,58.7100,226,2
2026-04-14,601318,14:15:17,58.6900,6,2
2026-04-14,601318,14:15:20,58.6900,2,2
2026-04-14,601318,14:15:23,58.6800,69,2
2026-04-14,601318,14:15:26,58.6900,33,1
2026-04-14,601318,14:15:29,58.6900,5,1
2026-04-14,601318,14:15:32,58.6800,5,2
2026-04-14,601318,14:15:35,58.6800,14,2
2026-04-14,601318,14:15:38,58.6900,15,1
2026-04-14,601318,14:15:41,58.6800,92,2
2026-04-14,601318,14:15:44,58.6800,20,2
2026-04-14,601318,14:15:47,58.6700,41,2
2026-04-14,601318,14:15:50,58.6700,41,1
2026-04-14,601318,14:15:53,58.6700,35,1
2026-04-14,601318,14:15:56,58.6700,109,2
2026-04-14,601318,14:15:59,58.6800,63,1
2026-04-14,601318,14:16:02,58.6700,51,2
2026-04-14,601318,14:16:05,58.6800,38,1
2026-04-14,601318,14:16:08,58.6800,55,1
2026-04-14,601318,14:16:11,58.6900,5,1
2026-04-14,601318,14:16:14,58.6800,2,2
2026-04-14,601318,14:16:18,58.6800,125,2
2026-04-14,601318,14:16:20,58.6900,2,1
2026-04-14,601318,14:16:23,58.6800,11,2
2026-04-14,601318,14:16:26,58.6900,25,1
2026-04-14,601318,14:16:29,58.6900,20,1
2026-04-14,601318,14:16:32,58.6900,18,2
2026-04-14,601318,14:16:35,58.6900,15,2
2026-04-14,601318,14:16:38,58.7000,20,1
2026-04-14,601318,14:16:41,58.6900,77,2
2026-04-14,601318,14:16:44,58.6900,165,2
2026-04-14,601318,14:16:47,58.7000,12,1
2026-04-14,601318,14:16:50,58.7000,10,1
2026-04-14,601318,14:16:53,58.7000,32,1
2026-04-14,601318,14:16:59,58.6900,24,2
2026-04-14,601318,14:17:02,58.6900,32,2
2026-04-14,601318,14:17:05,58.7000,53,1
2026-04-14,601318,14:17:08,58.7000,60,1
2026-04-14,601318,14:17:11,58.6900,41,2
2026-04-14,601318,14:17:14,58.7000,36,1
2026-04-14,601318,14:17:17,58.6900,7,2
2026-04-14,601318,14:17:20,58.7000,220,1
2026-04-14,601318,14:17:23,58.7000,90,2
2026-04-14,601318,14:17:26,58.7100,1,1
2026-04-14,601318,14:17:29,58.7000,6,2
2026-04-14,601318,14:17:32,58.7000,16,2
2026-04-14,601318,14:17:35,58.7000,13,2
2026-04-14,601318,14:17:38,58.7100,13,1
2026-04-14,601318,14:17:41,58.7000,177,2
2026-04-14,601318,14:17:44,58.7100,14,4
2026-04-14,601318,14:17:47,58.7200,84,1
2026-04-14,601318,14:17:50,58.7200,65,2
2026-04-14,601318,14:17:53,58.7200,42,2
2026-04-14,601318,14:17:56,58.7200,15,2
2026-04-14,601318,14:17:59,58.7400,52,1
2026-04-14,601318,14:18:02,58.7300,4,2
2026-04-14,601318,14:18:05,58.7100,208,2
2026-04-14,601318,14:18:08,58.7100,61,2
2026-04-14,601318,14:18:11,58.7000,65,2
2026-04-14,601318,14:18:14,58.7000,139,2
2026-04-14,601318,14:18:17,58.7000,49,2
2026-04-14,601318,14:18:20,58.6900,84,2
2026-04-14,601318,14:18:23,58.6900,38,2
2026-04-14,601318,14:18:26,58.6800,72,2
2026-04-14,601318,14:18:29,58.6800,132,2
2026-04-14,601318,14:18:32,58.6700,18,2
2026-04-14,601318,14:18:35,58.6900,109,1
2026-04-14,601318,14:18:38,58.6800,16,2
2026-04-14,601318,14:18:41,58.6800,47,2
2026-04-14,601318,14:18:44,58.6700,4,2
2026-04-14,601318,14:18:47,58.6800,18,1
2026-04-14,601318,14:18:50,58.6700,22,2
2026-04-14,601318,14:18:53,58.6700,63,2
2026-04-14,601318,14:18:56,58.6800,5,1
2026-04-14,601318,14:18:59,58.6700,26,2
2026-04-14,601318,14:19:02,58.6800,19,1
2026-04-14,601318,14:19:05,58.6700,102,2
2026-04-14,601318,14:19:08,58.6800,46,1
2026-04-14,601318,14:19:11,58.6900,51,1
2026-04-14,601318,14:19:14,58.6900,54,1
2026-04-14,601318,14:19:17,58.7000,26,1
2026-04-14,601318,14:19:20,58.7000,123,1
2026-04-14,601318,14:19:23,58.6900,1,2
2026-04-14,601318,14:19:26,58.7000,49,1
2026-04-14,601318,14:19:29,58.7000,14,2
2026-04-14,601318,14:19:32,58.7100,17,1
2026-04-14,601318,14:19:35,58.7000,83,2
2026-04-14,601318,14:19:38,58.6900,8,2
2026-04-14,601318,14:19:41,58.6900,76,2
2026-04-14,601318,14:19:44,58.6900,62,4
2026-04-14,601318,14:19:47,58.6900,8,1
2026-04-14,601318,14:19:50,58.6900,83,1
2026-04-14,601318,14:19:53,58.7000,5,1
2026-04-14,601318,14:19:56,58.6900,3,2
2026-04-14,601318,14:19:59,58.7000,1,1
2026-04-14,601318,14:20:02,58.6900,7,2
2026-04-14,601318,14:20:05,58.6900,9,2
2026-04-14,601318,14:20:08,58.6900,5,2
2026-04-14,601318,14:20:14,58.7000,10,1
2026-04-14,601318,14:20:17,58.6900,21,2
2026-04-14,601318,14:20:20,58.6900,11,2
2026-04-14,601318,14:20:23,58.7000,30,1
2026-04-14,601318,14:20:26,58.6900,18,2
2026-04-14,601318,14:20:29,58.6900,10,2
2026-04-14,601318,14:20:32,58.6900,81,2
2026-04-14,601318,14:20:35,58.6900,7,2
2026-04-14,601318,14:20:41,58.6900,92,2
2026-04-14,601318,14:20:44,58.6900,46,2
2026-04-14,601318,14:20:47,58.6900,24,2
2026-04-14,601318,14:20:50,58.7000,278,1
2026-04-14,601318,14:20:53,58.6900,10,4
2026-04-14,601318,14:20:56,58.6900,1,2
2026-04-14,601318,14:20:59,58.6900,19,2
2026-04-14,601318,14:21:02,58.6900,11,2
2026-04-14,601318,14:21:05,58.6900,8,2
2026-04-14,601318,14:21:08,58.6900,30,2
2026-04-14,601318,14:21:11,58.7000,53,1
2026-04-14,601318,14:21:14,58.7000,106,2
2026-04-14,601318,14:21:17,58.7200,10,1
2026-04-14,601318,14:21:20,58.7200,124,1
2026-04-14,601318,14:21:23,58.7200,2,1
2026-04-14,601318,14:21:26,58.7200,54,1
2026-04-14,601318,14:21:29,58.7300,52,1
2026-04-14,601318,14:21:35,58.7300,59,1
2026-04-14,601318,14:21:38,58.7200,8,2
2026-04-14,601318,14:21:41,58.7200,89,2
2026-04-14,601318,14:21:44,58.7200,38,1
2026-04-14,601318,14:21:47,58.7200,2,1
2026-04-14,601318,14:21:50,58.7100,53,2
2026-04-14,601318,14:21:53,58.7200,31,1
2026-04-14,601318,14:21:56,58.7200,77,1
2026-04-14,601318,14:21:59,58.7100,54,2
2026-04-14,601318,14:22:02,58.7200,41,1
2026-04-14,601318,14:22:05,58.7200,47,2
2026-04-14,601318,14:22:08,58.7300,13,1
2026-04-14,601318,14:22:11,58.7500,68,1
2026-04-14,601318,14:22:14,58.7400,10,2
2026-04-14,601318,14:22:17,58.7400,32,2
2026-04-14,601318,14:22:20,58.7400,57,2
2026-04-14,601318,14:22:23,58.7400,59,2
2026-04-14,601318,14:22:26,58.7500,99,1
2026-04-14,601318,14:22:29,58.7500,61,1
2026-04-14,601318,14:22:32,58.7500,92,1
2026-04-14,601318,14:22:35,58.7500,39,1
2026-04-14,601318,14:22:38,58.7400,16,2
2026-04-14,601318,14:22:41,58.7400,177,2
2026-04-14,601318,14:22:44,58.7500,57,1
2026-04-14,601318,14:22:47,58.7400,19,2
2026-04-14,601318,14:22:50,58.7500,215,1
2026-04-14,601318,14:22:53,58.7500,5,1
2026-04-14,601318,14:22:56,58.7500,10,1
2026-04-14,601318,14:22:59,58.7500,5,1
2026-04-14,601318,14:23:02,58.7500,49,1
2026-04-14,601318,14:23:05,58.7500,9,1
2026-04-14,601318,14:23:08,58.7500,59,1
2026-04-14,601318,14:23:11,58.7500,64,1
2026-04-14,601318,14:23:14,58.7500,15,1
2026-04-14,601318,14:23:17,58.7500,40,1
2026-04-14,601318,14:23:20,58.7500,67,1
2026-04-14,601318,14:23:23,58.7500,34,1
2026-04-14,601318,14:23:26,58.7500,11,1
2026-04-14,601318,14:23:29,58.7500,53,1
2026-04-14,601318,14:23:32,58.7500,192,1
2026-04-14,601318,14:23:35,58.7400,239,2
2026-04-14,601318,14:23:38,58.7500,25,2
2026-04-14,601318,14:23:41,58.7500,48,2
2026-04-14,601318,14:23:44,58.7500,14,1
2026-04-14,601318,14:23:47,58.7500,51,1
2026-04-14,601318,14:23:50,58.7600,67,1
2026-04-14,601318,14:23:53,58.7600,37,1
2026-04-14,601318,14:23:56,58.7600,5,1
2026-04-14,601318,14:23:59,58.7500,103,2
2026-04-14,601318,14:24:02,58.7500,30,2
2026-04-14,601318,14:24:05,58.7500,2,2
2026-04-14,601318,14:24:08,58.7700,387,1
2026-04-14,601318,14:24:11,58.7500,18,2
2026-04-14,601318,14:24:14,58.7500,210,2
2026-04-14,601318,14:24:17,58.7500,42,1
2026-04-14,601318,14:24:20,58.7500,57,2
2026-04-14,601318,14:24:23,58.7700,14,1
2026-04-14,601318,14:24:26,58.7500,7,2
2026-04-14,601318,14:24:29,58.7600,46,1
2026-04-14,601318,14:24:32,58.7500,175,2
2026-04-14,601318,14:24:35,58.7500,69,1
2026-04-14,601318,14:24:38,58.7600,16,2
2026-04-14,601318,14:24:41,58.7600,85,2
2026-04-14,601318,14:24:44,58.7500,294,2
2026-04-14,601318,14:24:47,58.7500,20,1
2026-04-14,601318,14:24:50,58.7500,98,1
2026-04-14,601318,14:24:53,58.7500,11,4
2026-04-14,601318,14:24:56,58.7400,173,2
2026-04-14,601318,14:24:59,58.7400,4,4
2026-04-14,601318,14:25:02,58.7500,22,1
2026-04-14,601318,14:25:08,58.7500,31,1
2026-04-14,601318,14:25:11,58.7300,42,2
2026-04-14,601318,14:25:14,58.7500,63,1
2026-04-14,601318,14:25:20,58.7500,81,1
2026-04-14,601318,14:25:23,58.7500,3,1
2026-04-14,601318,14:25:26,58.7400,95,2
2026-04-14,601318,14:25:29,58.7400,1,1
2026-04-14,601318,14:25:32,58.7400,6,1
2026-04-14,601318,14:25:35,58.7400,2,1
2026-04-14,601318,14:25:38,58.7400,1,1
2026-04-14,601318,14:25:41,58.7300,79,2
2026-04-14,601318,14:25:44,58.7200,318,2
2026-04-14,601318,14:25:47,58.6900,1068,2
2026-04-14,601318,14:25:50,58.7000,67,1
2026-04-14,601318,14:25:53,58.6900,3,2
2026-04-14,601318,14:25:56,58.6900,18,2
2026-04-14,601318,14:25:59,58.6900,33,2
2026-04-14,601318,14:26:02,58.6800,230,2
2026-04-14,601318,14:26:05,58.6800,129,1
2026-04-14,601318,14:26:08,58.6800,100,1
2026-04-14,601318,14:26:11,58.6800,40,1
2026-04-14,601318,14:26:14,58.6800,58,1
2026-04-14,601318,14:26:17,58.6700,115,2
2026-04-14,601318,14:26:20,58.6800,10,1
2026-04-14,601318,14:26:23,58.6900,200,1
2026-04-14,601318,14:26:26,58.6800,56,2
2026-04-14,601318,14:26:29,58.6900,190,1
2026-04-14,601318,14:26:32,58.6800,6,2
2026-04-14,601318,14:26:35,58.6900,29,1
2026-04-14,601318,14:26:38,58.6900,7,1
2026-04-14,601318,14:26:41,58.6800,91,2
2026-04-14,601318,14:26:44,58.6900,161,1
2026-04-14,601318,14:26:47,58.7000,29,1
2026-04-14,601318,14:26:50,58.7000,32,1
2026-04-14,601318,14:26:53,58.7000,74,2
2026-04-14,601318,14:26:56,58.7000,12,2
2026-04-14,601318,14:26:59,58.7100,5,1
2026-04-14,601318,14:27:02,58.7100,44,1
2026-04-14,601318,14:27:05,58.7100,40,1
2026-04-14,601318,14:27:08,58.7100,65,1
2026-04-14,601318,14:27:11,58.7100,46,1
2026-04-14,601318,14:27:14,58.7000,134,2
2026-04-14,601318,14:27:17,58.7000,262,2
2026-04-14,601318,14:27:20,58.6800,40,2
2026-04-14,601318,14:27:23,58.6900,49,1
2026-04-14,601318,14:27:26,58.6900,22,2
2026-04-14,601318,14:27:29,58.7200,183,1
2026-04-14,601318,14:27:32,58.6800,634,2
2026-04-14,601318,14:27:35,58.7000,9,1
2026-04-14,601318,14:27:38,58.7100,16,1
2026-04-14,601318,14:27:41,58.7000,60,2
2026-04-14,601318,14:27:44,58.7000,225,1
2026-04-14,601318,14:27:47,58.6800,50,2
2026-04-14,601318,14:27:50,58.6800,67,1
2026-04-14,601318,14:27:53,58.6800,100,1
2026-04-14,601318,14:27:56,58.6800,26,1
2026-04-14,601318,14:27:59,58.6800,34,1
2026-04-14,601318,14:28:02,58.6700,20,2
2026-04-14,601318,14:28:05,58.6800,27,1
2026-04-14,601318,14:28:08,58.6800,133,1
2026-04-14,601318,14:28:11,58.7000,15,1
2026-04-14,601318,14:28:14,58.6800,775,2
2026-04-14,601318,14:28:17,58.6800,93,1
2026-04-14,601318,14:28:21,58.6700,9,2
2026-04-14,601318,14:28:23,58.7000,391,1
2026-04-14,601318,14:28:26,58.6900,1,2
2026-04-14,601318,14:28:29,58.6900,1,2
2026-04-14,601318,14:28:32,58.7000,26,1
2026-04-14,601318,14:28:35,58.7000,4,1
2026-04-14,601318,14:28:38,58.6900,17,2
2026-04-14,601318,14:28:41,58.6900,171,2
2026-04-14,601318,14:28:44,58.7000,22,1
2026-04-14,601318,14:28:47,58.6900,257,2
2026-04-14,601318,14:28:50,58.6800,3,2
2026-04-14,601318,14:28:53,58.6800,62,2
2026-04-14,601318,14:28:56,58.6900,11,1
2026-04-14,601318,14:28:59,58.6800,184,2
2026-04-14,601318,14:29:02,58.6900,142,1
2026-04-14,601318,14:29:05,58.6800,15,1
2026-04-14,601318,14:29:08,58.6900,31,1
2026-04-14,601318,14:29:11,58.6800,2,2
2026-04-14,601318,14:29:14,58.6900,6,1
2026-04-14,601318,14:29:17,58.6800,11,2
2026-04-14,601318,14:29:20,58.6800,39,2
2026-04-14,601318,14:29:23,58.6900,55,1
2026-04-14,601318,14:29:26,58.6800,15,2
2026-04-14,601318,14:29:29,58.6800,1,2
2026-04-14,601318,14:29:32,58.6800,35,2
2026-04-14,601318,14:29:35,58.6900,41,1
2026-04-14,601318,14:29:38,58.6800,234,2
2026-04-14,601318,14:29:41,58.6800,91,2
2026-04-14,601318,14:29:44,58.6800,200,2
2026-04-14,601318,14:29:47,58.6800,11,2
2026-04-14,601318,14:29:50,58.6800,76,2
2026-04-14,601318,14:29:53,58.6800,110,2
2026-04-14,601318,14:29:56,58.6800,7,2
2026-04-14,601318,14:29:59,58.6700,36,2
2026-04-14,601318,14:30:02,58.6800,150,1
2026-04-14,601318,14:30:05,58.6700,1030,2
2026-04-14,601318,14:30:08,58.6700,14,2
2026-04-14,601318,14:30:11,58.6700,37,2
2026-04-14,601318,14:30:14,58.6800,45,1
2026-04-14,601318,14:30:17,58.6800,26,2
2026-04-14,601318,14:30:20,58.6800,87,2
2026-04-14,601318,14:30:23,58.6800,74,2
2026-04-14,601318,14:30:26,58.6900,2,1
2026-04-14,601318,14:30:29,58.6900,25,1
2026-04-14,601318,14:30:32,58.6800,18,2
2026-04-14,601318,14:30:35,58.6800,2,2
2026-04-14,601318,14:30:38,58.6800,149,2
2026-04-14,601318,14:30:41,58.6800,94,2
2026-04-14,601318,14:30:44,58.6800,43,2
2026-04-14,601318,14:30:47,58.6800,8,1
2026-04-14,601318,14:30:50,58.6800,9,1
2026-04-14,601318,14:30:53,58.6800,67,1
2026-04-14,601318,14:30:56,58.6800,83,1
2026-04-14,601318,14:30:59,58.6800,152,1
2026-04-14,601318,14:31:02,58.6800,68,1
2026-04-14,601318,14:31:05,58.6800,22,1
2026-04-14,601318,14:31:08,58.6800,5,2
2026-04-14,601318,14:31:14,58.6800,9,2
2026-04-14,601318,14:31:17,58.7100,870,1
2026-04-14,601318,14:31:20,58.7200,125,1
2026-04-14,601318,14:31:23,58.7200,47,1
2026-04-14,601318,14:31:26,58.7300,85,1
2026-04-14,601318,14:31:29,58.7400,257,1
2026-04-14,601318,14:31:32,58.7300,100,2
2026-04-14,601318,14:31:35,58.7400,137,4
2026-04-14,601318,14:31:38,58.7200,138,2
2026-04-14,601318,14:31:41,58.7100,233,2
2026-04-14,601318,14:31:44,58.7200,71,1
2026-04-14,601318,14:31:47,58.7100,4,4
2026-04-14,601318,14:31:50,58.7100,23,1
2026-04-14,601318,14:31:53,58.7100,81,1
2026-04-14,601318,14:31:56,58.7000,3,2
2026-04-14,601318,14:31:59,58.7100,128,1
2026-04-14,601318,14:32:02,58.7100,20,1
2026-04-14,601318,14:32:05,58.7100,21,1
2026-04-14,601318,14:32:08,58.7200,98,1
2026-04-14,601318,14:32:11,58.7300,74,1
2026-04-14,601318,14:32:14,58.7200,4,2
2026-04-14,601318,14:32:17,58.7300,94,1
2026-04-14,601318,14:32:20,58.7400,9,1
2026-04-14,601318,14:32:23,58.7400,60,1
2026-04-14,601318,14:32:26,58.7400,102,1
2026-04-14,601318,14:32:29,58.7500,129,1
2026-04-14,601318,14:32:32,58.7400,34,2
2026-04-14,601318,14:32:35,58.7500,33,1
2026-04-14,601318,14:32:38,58.7500,97,1
2026-04-14,601318,14:32:41,58.7400,183,2
2026-04-14,601318,14:32:44,58.7500,122,1
2026-04-14,601318,14:32:47,58.7500,51,1
2026-04-14,601318,14:32:50,58.7500,89,2
2026-04-14,601318,14:32:53,58.7500,117,1
2026-04-14,601318,14:32:56,58.7500,85,1
2026-04-14,601318,14:32:59,58.7500,22,1
2026-04-14,601318,14:33:02,58.7500,29,1
2026-04-14,601318,14:33:05,58.7500,45,1
2026-04-14,601318,14:33:08,58.7400,158,2
2026-04-14,601318,14:33:11,58.7500,61,1
2026-04-14,601318,14:33:14,58.7500,147,1
2026-04-14,601318,14:33:17,58.7500,20,1
2026-04-14,601318,14:33:20,58.7500,11,1
2026-04-14,601318,14:33:23,58.7500,42,1
2026-04-14,601318,14:33:26,58.7600,36,1
2026-04-14,601318,14:33:29,58.7600,172,2
2026-04-14,601318,14:33:32,58.7600,102,2
2026-04-14,601318,14:33:35,58.7600,151,2
2026-04-14,601318,14:33:38,58.7800,56,1
2026-04-14,601318,14:33:41,58.7600,58,2
2026-04-14,601318,14:33:44,58.7600,18,2
2026-04-14,601318,14:33:47,58.7600,15,2
2026-04-14,601318,14:33:50,58.7600,14,2
2026-04-14,601318,14:33:53,58.7700,129,1
2026-04-14,601318,14:33:56,58.7700,62,1
2026-04-14,601318,14:33:59,58.7700,18,1
2026-04-14,601318,14:34:02,58.7700,37,1
2026-04-14,601318,14:34:05,58.7700,103,1
2026-04-14,601318,14:34:08,58.7700,27,1
2026-04-14,601318,14:34:11,58.7700,48,2
2026-04-14,601318,14:34:14,58.7800,17,1
2026-04-14,601318,14:34:17,58.7800,1278,1
2026-04-14,601318,14:34:20,58.8000,37,1
2026-04-14,601318,14:34:23,58.8000,40,1
2026-04-14,601318,14:34:26,58.8000,107,1
2026-04-14,601318,14:34:29,58.8100,55,1
2026-04-14,601318,14:34:32,58.8100,19,1
2026-04-14,601318,14:34:35,58.8000,185,2
2026-04-14,601318,14:34:38,58.8100,190,1
2026-04-14,601318,14:34:41,58.8000,477,2
2026-04-14,601318,14:34:44,58.8100,20,4
2026-04-14,601318,14:34:47,58.8200,87,1
2026-04-14,601318,14:34:50,58.8100,22,2
2026-04-14,601318,14:34:53,58.8100,58,2
2026-04-14,601318,14:34:56,58.8100,52,1
2026-04-14,601318,14:34:59,58.8100,109,2
2026-04-14,601318,14:35:02,58.8100,12,2
2026-04-14,601318,14:35:05,58.8200,148,1
2026-04-14,601318,14:35:08,58.7900,290,2
2026-04-14,601318,14:35:11,58.7900,214,1
2026-04-14,601318,14:35:14,58.8000,18,4
2026-04-14,601318,14:35:17,58.8000,15,1
2026-04-14,601318,14:35:20,58.8000,98,1
2026-04-14,601318,14:35:23,58.7800,202,2
2026-04-14,601318,14:35:26,58.7600,474,2
2026-04-14,601318,14:35:29,58.7700,160,1
2026-04-14,601318,14:35:32,58.7900,44,1
2026-04-14,601318,14:35:35,58.7900,7,1
2026-04-14,601318,14:35:38,58.7800,34,2
2026-04-14,601318,14:35:41,58.7800,160,2
2026-04-14,601318,14:35:44,58.8000,77,1
2026-04-14,601318,14:35:47,58.8000,78,1
2026-04-14,601318,14:35:50,58.8000,156,4
2026-04-14,601318,14:35:53,58.8000,2,1
2026-04-14,601318,14:35:56,58.7900,265,2
2026-04-14,601318,14:35:59,58.8000,27,1
2026-04-14,601318,14:36:02,58.8000,21,1
2026-04-14,601318,14:36:05,58.7900,157,2
2026-04-14,601318,14:36:08,58.7900,109,2
2026-04-14,601318,14:36:11,58.8000,124,1
2026-04-14,601318,14:36:14,58.8000,37,1
2026-04-14,601318,14:36:17,58.8000,99,1
2026-04-14,601318,14:36:20,58.7900,87,2
2026-04-14,601318,14:36:23,58.7800,48,2
2026-04-14,601318,14:36:26,58.7900,56,1
2026-04-14,601318,14:36:29,58.7800,7,2
2026-04-14,601318,14:36:32,58.7800,61,2
2026-04-14,601318,14:36:35,58.7800,6,2
2026-04-14,601318,14:36:38,58.7900,175,1
2026-04-14,601318,14:36:41,58.7800,85,2
2026-04-14,601318,14:36:44,58.7800,6,2
2026-04-14,601318,14:36:47,58.7800,27,2
2026-04-14,601318,14:36:50,58.7700,173,2
2026-04-14,601318,14:36:53,58.7600,942,2
2026-04-14,601318,14:36:56,58.7800,220,1
2026-04-14,601318,14:36:59,58.7500,17,2
2026-04-14,601318,14:37:02,58.7600,15,1
2026-04-14,601318,14:37:05,58.7500,54,2
2026-04-14,601318,14:37:08,58.7600,189,1
2026-04-14,601318,14:37:11,58.7600,18,2
2026-04-14,601318,14:37:14,58.7700,8,1
2026-04-14,601318,14:37:17,58.7700,25,1
2026-04-14,601318,14:37:20,58.7700,142,1
2026-04-14,601318,14:37:23,58.7700,7,1
2026-04-14,601318,14:37:26,58.7800,11,1
2026-04-14,601318,14:37:29,58.7800,9,2
2026-04-14,601318,14:37:32,58.7900,17,1
2026-04-14,601318,14:37:35,58.7900,171,1
2026-04-14,601318,14:37:38,58.8000,12,1
2026-04-14,601318,14:37:41,58.8000,123,1
2026-04-14,601318,14:37:44,58.7900,167,2
2026-04-14,601318,14:37:47,58.8000,64,1
2026-04-14,601318,14:37:50,58.8000,1090,1
2026-04-14,601318,14:37:53,58.8000,41,1
2026-04-14,601318,14:37:56,58.8100,60,1
2026-04-14,601318,14:37:59,58.8200,93,1
2026-04-14,601318,14:38:02,58.8100,201,2
2026-04-14,601318,14:38:05,58.8000,79,2
2026-04-14,601318,14:38:08,58.8100,31,1
2026-04-14,601318,14:38:11,58.8000,300,2
2026-04-14,601318,14:38:14,58.8000,21,1
2026-04-14,601318,14:38:18,58.8000,23,1
2026-04-14,601318,14:38:20,58.7900,15,2
2026-04-14,601318,14:38:23,58.8000,40,1
2026-04-14,601318,14:38:26,58.7900,61,2
2026-04-14,601318,14:38:29,58.8000,114,1
2026-04-14,601318,14:38:32,58.8100,51,1
2026-04-14,601318,14:38:35,58.8000,70,2
2026-04-14,601318,14:38:38,58.8100,187,1
2026-04-14,601318,14:38:41,58.8100,73,2
2026-04-14,601318,14:38:44,58.8100,99,1
2026-04-14,601318,14:38:47,58.8000,43,2
2026-04-14,601318,14:38:50,58.8000,26,2
2026-04-14,601318,14:38:53,58.8100,32,1
2026-04-14,601318,14:38:56,58.8100,175,1
2026-04-14,601318,14:38:59,58.8000,63,2
2026-04-14,601318,14:39:02,58.8000,139,2
2026-04-14,601318,14:39:05,58.8000,28,2
2026-04-14,601318,14:39:08,58.8100,27,1
2026-04-14,601318,14:39:11,58.8000,75,2
2026-04-14,601318,14:39:14,58.8100,100,1
2026-04-14,601318,14:39:17,58.8100,306,1
2026-04-14,601318,14:39:20,58.8300,138,1
2026-04-14,601318,14:39:23,58.8300,98,1
2026-04-14,601318,14:39:26,58.8600,880,1
2026-04-14,601318,14:39:29,58.8600,108,1
2026-04-14,601318,14:39:32,58.8600,238,2
2026-04-14,601318,14:39:35,58.8600,266,2
2026-04-14,601318,14:39:38,58.8300,242,2
2026-04-14,601318,14:39:41,58.8300,83,2
2026-04-14,601318,14:39:44,58.8300,94,1
2026-04-14,601318,14:39:47,58.8300,61,1
2026-04-14,601318,14:39:50,58.8300,56,1
2026-04-14,601318,14:39:53,58.8400,20,1
2026-04-14,601318,14:39:56,58.8400,50,1
2026-04-14,601318,14:39:59,58.8500,86,1
2026-04-14,601318,14:40:02,58.8600,50,1
2026-04-14,601318,14:40:05,58.8600,149,1
2026-04-14,601318,14:40:08,58.8500,579,2
2026-04-14,601318,14:40:11,58.8500,216,2
2026-04-14,601318,14:40:14,58.8500,268,2
2026-04-14,601318,14:40:17,58.8500,403,2
2026-04-14,601318,14:40:20,58.8500,14,1
2026-04-14,601318,14:40:23,58.8500,28,2
2026-04-14,601318,14:40:26,58.8600,138,1
2026-04-14,601318,14:40:29,58.8600,117,2
2026-04-14,601318,14:40:32,58.8700,154,1
2026-04-14,601318,14:40:35,58.8700,93,1
2026-04-14,601318,14:40:38,58.8700,70,2
2026-04-14,601318,14:40:41,58.8400,217,2
2026-04-14,601318,14:40:44,58.8400,144,1
2026-04-14,601318,14:40:47,58.8500,191,1
2026-04-14,601318,14:40:50,58.8500,132,1
2026-04-14,601318,14:40:53,58.8500,51,1
2026-04-14,601318,14:40:56,58.8500,53,1
2026-04-14,601318,14:40:59,58.8500,121,1
2026-04-14,601318,14:41:02,58.8500,49,1
2026-04-14,601318,14:41:05,58.8500,155,1
2026-04-14,601318,14:41:08,58.8500,51,1
2026-04-14,601318,14:41:11,58.8400,144,2
2026-04-14,601318,14:41:14,58.8500,39,1
2026-04-14,601318,14:41:17,58.8400,53,2
2026-04-14,601318,14:41:20,58.8500,62,1
2026-04-14,601318,14:41:23,58.8500,38,1
2026-04-14,601318,14:41:26,58.8500,38,1
2026-04-14,601318,14:41:29,58.8500,69,1
2026-04-14,601318,14:41:32,58.8400,94,2
2026-04-14,601318,14:41:35,58.8400,157,2
2026-04-14,601318,14:41:38,58.8500,87,1
2026-04-14,601318,14:41:41,58.8500,214,1
2026-04-14,601318,14:41:44,58.8500,28,1
2026-04-14,601318,14:41:47,58.8500,187,1
2026-04-14,601318,14:41:50,58.8400,34,2
2026-04-14,601318,14:41:53,58.8400,16,2
2026-04-14,601318,14:41:56,58.8400,38,2
2026-04-14,601318,14:41:59,58.8500,227,1
2026-04-14,601318,14:42:02,58.8400,27,2
2026-04-14,601318,14:42:05,58.8500,26,1
2026-04-14,601318,14:42:08,58.8500,77,1
2026-04-14,601318,14:42:11,58.8500,67,1
2026-04-14,601318,14:42:14,58.8500,56,1
2026-04-14,601318,14:42:17,58.8400,119,2
2026-04-14,601318,14:42:20,58.8400,19,2
2026-04-14,601318,14:42:23,58.8500,29,1
2026-04-14,601318,14:42:26,58.8500,29,1
2026-04-14,601318,14:42:29,58.8500,165,1
2026-04-14,601318,14:42:32,58.8500,298,1
2026-04-14,601318,14:42:35,58.8500,211,1
2026-04-14,601318,14:42:38,58.8500,575,1
2026-04-14,601318,14:42:41,58.8600,137,1
2026-04-14,601318,14:42:44,58.8600,121,1
2026-04-14,601318,14:42:47,58.8700,326,1
2026-04-14,601318,14:42:50,58.8700,34,1
2026-04-14,601318,14:42:53,58.8700,45,2
2026-04-14,601318,14:42:56,58.8800,8,1
2026-04-14,601318,14:42:59,58.8800,101,1
2026-04-14,601318,14:43:02,58.8700,128,2
2026-04-14,601318,14:43:05,58.8700,32,2
2026-04-14,601318,14:43:08,58.8700,403,2
2026-04-14,601318,14:43:11,58.8700,86,2
2026-04-14,601318,14:43:14,58.8800,139,1
2026-04-14,601318,14:43:17,58.8700,179,2
2026-04-14,601318,14:43:20,58.8800,29,1
2026-04-14,601318,14:43:23,58.8700,82,2
2026-04-14,601318,14:43:26,58.8600,547,2
2026-04-14,601318,14:43:29,58.8800,241,1
2026-04-14,601318,14:43:32,58.8600,56,4
2026-04-14,601318,14:43:35,58.8600,136,2
2026-04-14,601318,14:43:38,58.8600,74,2
2026-04-14,601318,14:43:41,58.8800,123,1
2026-04-14,601318,14:43:44,58.8700,21,2
2026-04-14,601318,14:43:47,58.8700,26,2
2026-04-14,601318,14:43:50,58.8700,170,2
2026-04-14,601318,14:43:53,58.8600,227,2
2026-04-14,601318,14:43:56,58.8700,64,1
2026-04-14,601318,14:43:59,58.8600,100,2
2026-04-14,601318,14:44:02,58.8600,140,2
2026-04-14,601318,14:44:05,58.8700,91,1
2026-04-14,601318,14:44:08,58.8700,114,2
2026-04-14,601318,14:44:11,58.8700,87,2
2026-04-14,601318,14:44:14,58.8700,220,2
2026-04-14,601318,14:44:17,58.8800,203,1
2026-04-14,601318,14:44:20,58.8900,138,1
2026-04-14,601318,14:44:23,58.8800,136,2
2026-04-14,601318,14:44:26,58.8900,19,1
2026-04-14,601318,14:44:29,58.8900,481,1
2026-04-14,601318,14:44:32,58.8900,19,2
2026-04-14,601318,14:44:35,58.9000,118,1
2026-04-14,601318,14:44:39,58.8900,409,2
2026-04-14,601318,14:44:41,58.9000,132,1
2026-04-14,601318,14:44:44,58.9000,194,1
2026-04-14,601318,14:44:47,58.9000,436,1
2026-04-14,601318,14:44:50,58.9000,105,1
2026-04-14,601318,14:44:53,58.9100,139,1
2026-04-14,601318,14:44:56,58.9200,269,1
2026-04-14,601318,14:44:59,58.9400,242,1
2026-04-14,601318,14:45:02,58.9600,416,1
2026-04-14,601318,14:45:05,58.9500,337,2
2026-04-14,601318,14:45:08,58.9300,834,2
2026-04-14,601318,14:45:11,58.9400,81,4
2026-04-14,601318,14:45:14,58.9500,288,1
2026-04-14,601318,14:45:17,58.9500,133,1
2026-04-14,601318,14:45:20,58.9500,88,1
2026-04-14,601318,14:45:23,58.9500,217,1
2026-04-14,601318,14:45:26,58.9600,187,1
2026-04-14,601318,14:45:29,58.9500,116,2
2026-04-14,601318,14:45:32,58.9400,19,4
2026-04-14,601318,14:45:35,58.9400,202,2
2026-04-14,601318,14:45:38,58.9500,107,1
2026-04-14,601318,14:45:41,58.9500,129,1
2026-04-14,601318,14:45:44,58.9500,39,1
2026-04-14,601318,14:45:47,58.9500,41,1
2026-04-14,601318,14:45:50,58.9500,87,1
2026-04-14,601318,14:45:53,58.9600,63,1
2026-04-14,601318,14:45:56,58.9500,45,1
2026-04-14,601318,14:45:59,58.9600,91,1
2026-04-14,601318,14:46:02,58.9500,272,2
2026-04-14,601318,14:46:05,58.9600,132,1
2026-04-14,601318,14:46:08,58.9700,201,1
2026-04-14,601318,14:46:11,58.9700,118,2
2026-04-14,601318,14:46:14,58.9800,123,1
2026-04-14,601318,14:46:17,58.9800,516,1
2026-04-14,601318,14:46:20,58.9900,184,1
2026-04-14,601318,14:46:23,58.9900,19,1
2026-04-14,601318,14:46:26,58.9900,78,1
2026-04-14,601318,14:46:29,58.9900,122,1
2026-04-14,601318,14:46:32,58.9900,503,1
2026-04-14,601318,14:46:35,58.9900,116,1
2026-04-14,601318,14:46:38,58.9700,213,2
2026-04-14,601318,14:46:41,58.9700,347,2
2026-04-14,601318,14:46:44,58.9500,91,2
2026-04-14,601318,14:46:47,58.9600,13,2
2026-04-14,601318,14:46:50,58.9500,8,2
2026-04-14,601318,14:46:53,58.9600,89,4
2026-04-14,601318,14:46:56,58.9400,432,2
2026-04-14,601318,14:46:59,58.9400,163,1
2026-04-14,601318,14:47:02,58.9600,105,1
2026-04-14,601318,14:47:05,58.9700,114,1
2026-04-14,601318,14:47:08,58.9600,229,2
2026-04-14,601318,14:47:11,58.9500,171,2
2026-04-14,601318,14:47:14,58.9600,32,1
2026-04-14,601318,14:47:17,58.9500,16,4
2026-04-14,601318,14:47:20,58.9600,72,1
2026-04-14,601318,14:47:23,58.9800,412,1
2026-04-14,601318,14:47:26,58.9800,293,1
2026-04-14,601318,14:47:29,58.9900,878,1
2026-04-14,601318,14:47:32,58.9900,155,1
2026-04-14,601318,14:47:35,58.9900,509,1
2026-04-14,601318,14:47:38,59.0000,188,1
2026-04-14,601318,14:47:41,59.0000,201,1
2026-04-14,601318,14:47:44,58.9900,1031,2
2026-04-14,601318,14:47:47,59.0200,2456,1
2026-04-14,601318,14:47:50,59.0100,58,2
2026-04-14,601318,14:47:53,59.0100,194,2
2026-04-14,601318,14:47:56,59.0200,110,1
2026-04-14,601318,14:47:59,59.0100,59,2
2026-04-14,601318,14:48:02,59.0200,97,1
2026-04-14,601318,14:48:05,59.0100,59,2
2026-04-14,601318,14:48:08,59.0100,527,2
2026-04-14,601318,14:48:11,59.0100,396,2
2026-04-14,601318,14:48:14,59.0100,58,2
2026-04-14,601318,14:48:17,59.0100,121,2
2026-04-14,601318,14:48:20,59.0200,120,1
2026-04-14,601318,14:48:23,59.0100,115,2
2026-04-14,601318,14:48:26,59.0100,202,2
2026-04-14,601318,14:48:29,59.0100,24,2
2026-04-14,601318,14:48:32,58.9900,1256,2
2026-04-14,601318,14:48:35,58.9900,131,2
2026-04-14,601318,14:48:38,58.9800,38,2
2026-04-14,601318,14:48:41,58.9700,141,2
2026-04-14,601318,14:48:44,58.9800,18,1
2026-04-14,601318,14:48:47,58.9700,59,2
2026-04-14,601318,14:48:51,58.9700,59,2
2026-04-14,601318,14:48:53,58.9800,90,1
2026-04-14,601318,14:48:56,58.9800,60,1
2026-04-14,601318,14:48:59,58.9800,143,1
2026-04-14,601318,14:49:02,58.9800,160,1
2026-04-14,601318,14:49:05,58.9800,50,1
2026-04-14,601318,14:49:08,58.9800,116,1
2026-04-14,601318,14:49:11,58.9800,20,2
2026-04-14,601318,14:49:14,58.9900,137,1
2026-04-14,601318,14:49:17,58.9800,75,2
2026-04-14,601318,14:49:20,58.9800,53,2
2026-04-14,601318,14:49:23,58.9800,92,2
2026-04-14,601318,14:49:26,58.9900,102,1
2026-04-14,601318,14:49:29,59.0000,595,1
2026-04-14,601318,14:49:32,58.9900,224,2
2026-04-14,601318,14:49:35,59.0000,134,1
2026-04-14,601318,14:49:38,58.9900,44,2
2026-04-14,601318,14:49:41,58.9900,466,2
2026-04-14,601318,14:49:44,58.9900,100,2
2026-04-14,601318,14:49:47,59.0000,641,1
2026-04-14,601318,14:49:50,58.9900,176,2
2026-04-14,601318,14:49:53,58.9900,24,2
2026-04-14,601318,14:49:56,58.9900,90,2
2026-04-14,601318,14:49:59,59.0000,33,1
2026-04-14,601318,14:50:02,58.9800,681,2
2026-04-14,601318,14:50:05,58.9500,456,2
2026-04-14,601318,14:50:08,58.9500,129,1
2026-04-14,601318,14:50:11,58.9700,173,1
2026-04-14,601318,14:50:14,58.9400,80,2
2026-04-14,601318,14:50:17,58.9400,157,1
2026-04-14,601318,14:50:20,58.9700,192,1
2026-04-14,601318,14:50:23,58.9700,277,2
2026-04-14,601318,14:50:26,58.9700,148,2
2026-04-14,601318,14:50:29,58.9800,91,1
2026-04-14,601318,14:50:32,58.9800,129,2
2026-04-14,601318,14:50:35,58.9800,39,2
2026-04-14,601318,14:50:38,58.9800,65,2
2026-04-14,601318,14:50:41,58.9800,142,2
2026-04-14,601318,14:50:44,58.9800,70,1
2026-04-14,601318,14:50:47,58.9800,41,1
2026-04-14,601318,14:50:51,58.9800,166,1
2026-04-14,601318,14:50:53,58.9700,119,2
2026-04-14,601318,14:50:56,58.9800,733,1
2026-04-14,601318,14:50:59,58.9900,209,2
2026-04-14,601318,14:51:02,59.0000,169,1
2026-04-14,601318,14:51:05,58.9900,436,2
2026-04-14,601318,14:51:08,58.9900,61,2
2026-04-14,601318,14:51:11,58.9900,90,2
2026-04-14,601318,14:51:14,58.9900,195,1
2026-04-14,601318,14:51:17,58.9900,126,2
2026-04-14,601318,14:51:20,58.9900,138,2
2026-04-14,601318,14:51:23,58.9900,662,2
2026-04-14,601318,14:51:26,58.9900,49,2
2026-04-14,601318,14:51:29,59.0000,50,1
2026-04-14,601318,14:51:32,59.0000,141,1
2026-04-14,601318,14:51:35,59.0000,233,1
2026-04-14,601318,14:51:38,59.0000,726,1
2026-04-14,601318,14:51:41,59.0000,202,1
2026-04-14,601318,14:51:44,58.9900,74,2
2026-04-14,601318,14:51:47,59.0000,24,1
2026-04-14,601318,14:51:50,59.0000,513,1
2026-04-14,601318,14:51:53,58.9900,85,2
2026-04-14,601318,14:51:56,59.0000,85,1
2026-04-14,601318,14:51:59,58.9900,59,2
2026-04-14,601318,14:52:02,59.0000,335,1
2026-04-14,601318,14:52:05,58.9900,88,2
2026-04-14,601318,14:52:08,58.9900,47,2
2026-04-14,601318,14:52:11,58.9900,562,2
2026-04-14,601318,14:52:14,58.9800,290,2
2026-04-14,601318,14:52:17,58.9900,28,1
2026-04-14,601318,14:52:20,58.9800,42,2
2026-04-14,601318,14:52:23,58.9800,78,2
2026-04-14,601318,14:52:26,58.9900,277,1
2026-04-14,601318,14:52:29,58.9800,69,2
2026-04-14,601318,14:52:32,58.9800,357,2
2026-04-14,601318,14:52:35,58.9800,157,2
2026-04-14,601318,14:52:38,58.9800,78,2
2026-04-14,601318,14:52:41,58.9800,147,2
2026-04-14,601318,14:52:44,58.9800,74,1
2026-04-14,601318,14:52:47,58.9800,75,1
2026-04-14,601318,14:52:50,58.9800,111,1
2026-04-14,601318,14:52:53,58.9800,236,1
2026-04-14,601318,14:52:56,58.9700,154,2
2026-04-14,601318,14:52:59,58.9700,192,2
2026-04-14,601318,14:53:02,58.9700,209,2
2026-04-14,601318,14:53:05,58.9700,162,2
2026-04-14,601318,14:53:08,58.9800,165,1
2026-04-14,601318,14:53:11,58.9800,42,2
2026-04-14,601318,14:53:14,58.9800,86,2
2026-04-14,601318,14:53:17,58.9800,52,2
2026-04-14,601318,14:53:20,58.9900,348,1
2026-04-14,601318,14:53:23,58.9800,724,2
2026-04-14,601318,14:53:26,58.9800,112,2
2026-04-14,601318,14:53:29,58.9800,100,2
2026-04-14,601318,14:53:32,58.9900,115,1
2026-04-14,601318,14:53:35,58.9800,543,2
2026-04-14,601318,14:53:38,58.9800,296,1
2026-04-14,601318,14:53:41,58.9700,106,2
2026-04-14,601318,14:53:44,58.9800,27,1
2026-04-14,601318,14:53:47,58.9800,134,1
2026-04-14,601318,14:53:50,58.9700,73,2
2026-04-14,601318,14:53:53,58.9800,79,1
2026-04-14,601318,14:53:56,58.9700,193,2
2026-04-14,601318,14:53:59,58.9700,87,2
2026-04-14,601318,14:54:02,58.9700,315,2
2026-04-14,601318,14:54:05,58.9800,248,1
2026-04-14,601318,14:54:08,58.9800,56,1
2026-04-14,601318,14:54:11,58.9700,169,2
2026-04-14,601318,14:54:14,58.9800,139,1
2026-04-14,601318,14:54:17,58.9800,500,2
2026-04-14,601318,14:54:20,58.9900,367,1
2026-04-14,601318,14:54:23,58.9800,53,4
2026-04-14,601318,14:54:26,58.9900,163,1
2026-04-14,601318,14:54:29,58.9900,56,1
2026-04-14,601318,14:54:32,58.9800,43,2
2026-04-14,601318,14:54:35,58.9900,51,1
2026-04-14,601318,14:54:38,58.9800,14,2
2026-04-14,601318,14:54:41,58.9900,101,1
2026-04-14,601318,14:54:44,58.9900,245,1
2026-04-14,601318,14:54:47,58.9800,72,2
2026-04-14,601318,14:54:50,58.9900,269,1
2026-04-14,601318,14:54:53,58.9900,135,1
2026-04-14,601318,14:54:56,58.9800,34,2
2026-04-14,601318,14:54:59,58.9800,273,2
2026-04-14,601318,14:55:02,58.9900,814,1
2026-04-14,601318,14:55:05,58.9900,994,2
2026-04-14,601318,14:55:08,58.9900,378,2
2026-04-14,601318,14:55:11,59.0000,116,1
2026-04-14,601318,14:55:14,58.9900,369,2
2026-04-14,601318,14:55:17,58.9700,1070,2
2026-04-14,601318,14:55:20,58.9800,102,1
2026-04-14,601318,14:55:23,58.9800,26,2
2026-04-14,601318,14:55:26,58.9800,80,2
2026-04-14,601318,14:55:29,58.9800,42,1
2026-04-14,601318,14:55:32,58.9700,299,2
2026-04-14,601318,14:55:35,58.9800,63,2
2026-04-14,601318,14:55:38,58.9700,121,2
2026-04-14,601318,14:55:41,58.9700,99,2
2026-04-14,601318,14:55:44,58.9700,68,2
2026-04-14,601318,14:55:47,58.9700,333,2
2026-04-14,601318,14:55:50,58.9800,81,1
2026-04-14,601318,14:55:53,58.9900,195,1
2026-04-14,601318,14:55:56,58.9800,179,2
2026-04-14,601318,14:55:59,58.9800,249,2
2026-04-14,601318,14:56:02,58.9800,354,2
2026-04-14,601318,14:56:05,58.9900,47,1
2026-04-14,601318,14:56:08,58.9800,136,2
2026-04-14,601318,14:56:11,58.9800,28,2
2026-04-14,601318,14:56:14,58.9900,293,1
2026-04-14,601318,14:56:17,58.9800,80,2
2026-04-14,601318,14:56:20,58.9900,181,1
2026-04-14,601318,14:56:23,58.9800,152,2
2026-04-14,601318,14:56:26,58.9800,1265,2
2026-04-14,601318,14:56:29,58.9900,192,1
2026-04-14,601318,14:56:32,58.9800,126,2
2026-04-14,601318,14:56:35,58.9900,194,1
2026-04-14,601318,14:56:38,58.9900,120,1
2026-04-14,601318,14:56:41,58.9800,106,2
2026-04-14,601318,14:56:44,58.9900,137,1
2026-04-14,601318,14:56:47,58.9900,24,1
2026-04-14,601318,14:56:50,58.9900,87,1
2026-04-14,601318,14:56:53,58.9900,75,2
2026-04-14,601318,14:56:56,58.9900,80,2
2026-04-14,601318,14:56:59,58.9900,43,2
2026-04-14,601318,14:57:02,59.0000,4,1
2026-04-14,601318,15:00:03,58.9700,7539,4
2026-04-14,601318,13:15:35,58.8400,13,4
2026-04-14,601318,13:15:38,58.8400,8,1
2026-04-14,601318,13:15:41,58.8300,78,2
2026-04-14,601318,13:15:44,58.8400,29,1
2026-04-14,601318,13:15:47,58.8300,5,2
2026-04-14,601318,13:15:50,58.8300,21,2
2026-04-14,601318,13:15:53,58.8400,89,1
2026-04-14,601318,13:15:56,58.8400,142,2
2026-04-14,601318,13:15:59,58.8500,9,4
2026-04-14,601318,13:16:02,58.8400,12,2
2026-04-14,601318,13:16:05,58.8600,69,1
2026-04-14,601318,13:16:08,58.8600,96,1
2026-04-14,601318,13:16:11,58.8500,84,2
2026-04-14,601318,13:16:14,58.8300,107,2
2026-04-14,601318,13:16:17,58.8500,99,1
2026-04-14,601318,13:16:20,58.8300,65,2
2026-04-14,601318,13:16:26,58.8300,24,2
2026-04-14,601318,13:16:29,58.8300,16,2
2026-04-14,601318,13:16:32,58.8400,19,1
2026-04-14,601318,13:16:35,58.8300,62,2
2026-04-14,601318,13:16:38,58.8400,33,1
2026-04-14,601318,13:16:41,58.8300,133,2
2026-04-14,601318,13:16:44,58.8400,25,1
2026-04-14,601318,13:16:47,58.8300,15,2
2026-04-14,601318,13:16:50,58.8400,3,1
2026-04-14,601318,13:16:53,58.8300,12,2
2026-04-14,601318,13:16:56,58.8400,5,1
2026-04-14,601318,13:17:02,58.8300,149,2
2026-04-14,601318,13:17:05,58.8200,78,2
2026-04-14,601318,13:17:08,58.8000,138,2
2026-04-14,601318,13:17:11,58.8100,22,1
2026-04-14,601318,13:17:14,58.8000,2,2
2026-04-14,601318,13:17:17,58.8000,90,2
2026-04-14,601318,13:17:20,58.8000,57,2
2026-04-14,601318,13:17:23,58.7900,28,2
2026-04-14,601318,13:17:26,58.7800,262,2
2026-04-14,601318,13:17:29,58.7800,48,4
2026-04-14,601318,13:17:32,58.7800,51,1
2026-04-14,601318,13:17:35,58.7800,21,1
2026-04-14,601318,13:17:38,58.7700,7,2
2026-04-14,601318,13:17:41,58.7700,87,2
2026-04-14,601318,13:17:44,58.7800,21,1
2026-04-14,601318,13:17:47,58.7800,10,1
2026-04-14,601318,13:17:50,58.7700,20,2
2026-04-14,601318,13:17:53,58.7700,27,2
2026-04-14,601318,13:17:56,58.7600,233,2
2026-04-14,601318,13:17:59,58.7500,233,2
2026-04-14,601318,13:18:02,58.7500,108,1
2026-04-14,601318,13:18:05,58.7400,9,4
2026-04-14,601318,13:18:08,58.7400,18,1
2026-04-14,601318,13:18:11,58.7400,23,1
2026-04-14,601318,13:18:14,58.7300,23,2
2026-04-14,601318,13:18:17,58.7400,46,1
2026-04-14,601318,13:18:20,58.7400,3,1
2026-04-14,601318,13:18:23,58.7300,14,2
2026-04-14,601318,13:18:26,58.7300,6,2
2026-04-14,601318,13:18:29,58.7300,19,2
2026-04-14,601318,13:18:32,58.7200,56,2
2026-04-14,601318,13:18:35,58.7300,21,4
2026-04-14,601318,13:18:38,58.7300,28,2
2026-04-14,601318,13:18:41,58.7200,423,2
2026-04-14,601318,13:18:44,58.7200,13,2
2026-04-14,601318,13:18:47,58.7200,1,2
2026-04-14,601318,13:18:50,58.7200,242,2
2026-04-14,601318,13:18:53,58.7300,36,1
2026-04-14,601318,13:18:56,58.7200,57,2
2026-04-14,601318,13:18:59,58.7200,26,1
2026-04-14,601318,13:19:02,58.7100,44,2
2026-04-14,601318,13:19:05,58.7200,28,1
2026-04-14,601318,13:19:08,58.7100,65,2
2026-04-14,601318,13:19:11,58.7100,19,2
2026-04-14,601318,13:19:14,58.7100,59,2
2026-04-14,601318,13:19:17,58.7000,455,2
2026-04-14,601318,13:19:20,58.6700,1619,2
2026-04-14,601318,13:19:23,58.6700,317,2
2026-04-14,601318,13:19:26,58.6600,78,1
2026-04-14,601318,13:19:29,58.6500,14,2
2026-04-14,601318,13:19:32,58.6800,210,1
2026-04-14,601318,13:19:35,58.6600,57,2
2026-04-14,601318,13:19:38,58.6600,13,2
2026-04-14,601318,13:19:41,58.6900,1351,1
2026-04-14,601318,13:19:44,58.7000,153,1
2026-04-14,601318,13:19:47,58.7000,34,1
2026-04-14,601318,13:19:50,58.7000,41,1
2026-04-14,601318,13:19:53,58.7000,1,1
2026-04-14,601318,13:19:56,58.6900,65,2
2026-04-14,601318,13:19:59,58.6900,105,2
2026-04-14,601318,13:20:02,58.7000,52,1
2026-04-14,601318,13:20:05,58.6900,22,2
2026-04-14,601318,13:20:08,58.6800,126,2
2026-04-14,601318,13:20:11,58.6900,104,1
2026-04-14,601318,13:20:14,58.7000,14,1
2026-04-14,601318,13:20:17,58.6900,62,2
2026-04-14,601318,13:20:20,58.7000,1121,1
2026-04-14,601318,13:20:23,58.7100,59,1
2026-04-14,601318,13:20:26,58.7000,18,2
2026-04-14,601318,13:20:29,58.7100,17,1
2026-04-14,601318,13:20:32,58.7000,11,2
2026-04-14,601318,13:20:35,58.7000,7,2
2026-04-14,601318,13:20:38,58.7000,19,2
2026-04-14,601318,13:20:41,58.7000,137,2
2026-04-14,601318,13:20:44,58.7100,52,1
2026-04-14,601318,13:20:47,58.7000,16,2
2026-04-14,601318,13:20:50,58.7000,3,2
2026-04-14,601318,13:20:53,58.7100,140,1
2026-04-14,601318,13:20:56,58.7100,28,2
2026-04-14,601318,13:20:59,58.7200,1,1
2026-04-14,601318,13:21:02,58.7200,102,1
2026-04-14,601318,13:21:05,58.7100,39,2
2026-04-14,601318,13:21:08,58.7100,23,2
2026-04-14,601318,13:21:11,58.7100,28,2
2026-04-14,601318,13:21:14,58.7200,19,1
2026-04-14,601318,13:21:17,58.7100,80,2
2026-04-14,601318,13:21:20,58.6900,394,2
2026-04-14,601318,13:21:23,58.6900,103,2
2026-04-14,601318,13:21:26,58.7000,44,4
2026-04-14,601318,13:21:29,58.6800,228,2
2026-04-14,601318,13:21:32,58.6700,50,2
2026-04-14,601318,13:21:35,58.6700,41,2
2026-04-14,601318,13:21:38,58.6700,3,2
2026-04-14,601318,13:21:41,58.6700,148,2
2026-04-14,601318,13:21:44,58.6700,45,2
2026-04-14,601318,13:21:47,58.6700,26,2
2026-04-14,601318,13:21:50,58.6800,69,1
2026-04-14,601318,13:21:53,58.6700,29,2
2026-04-14,601318,13:21:56,58.6700,145,1
2026-04-14,601318,13:21:59,58.6600,19,2
2026-04-14,601318,13:22:02,58.6700,107,1
2026-04-14,601318,13:22:05,58.6500,76,2
2026-04-14,601318,13:22:08,58.6500,10,2
2026-04-14,601318,13:22:11,58.6500,75,2
2026-04-14,601318,13:22:14,58.6400,25,2
2026-04-14,601318,13:22:17,58.6600,576,1
2026-04-14,601318,13:22:20,58.6400,150,2
2026-04-14,601318,13:22:23,58.6700,71,1
2026-04-14,601318,13:22:26,58.6600,44,4
2026-04-14,601318,13:22:29,58.6500,18,2
2026-04-14,601318,13:22:32,58.6600,38,1
2026-04-14,601318,13:22:35,58.6500,11,2
2026-04-14,601318,13:22:38,58.6500,28,2
2026-04-14,601318,13:22:41,58.6500,110,2
2026-04-14,601318,13:22:44,58.6600,123,1
2026-04-14,601318,13:22:47,58.6500,20,2
2026-04-14,601318,13:22:50,58.6600,45,1
2026-04-14,601318,13:22:53,58.6500,161,2
2026-04-14,601318,13:22:56,58.6600,29,2
2026-04-14,601318,13:22:59,58.6500,8,2
2026-04-14,601318,13:23:02,58.6500,14,2
2026-04-14,601318,13:23:05,58.6500,90,2
2026-04-14,601318,13:23:08,58.6600,28,1
2026-04-14,601318,13:23:11,58.6500,4,2
2026-04-14,601318,13:23:14,58.6500,10,2
2026-04-14,601318,13:23:17,58.6600,2,1
2026-04-14,601318,13:23:20,58.6500,6,2
2026-04-14,601318,13:23:23,58.6500,14,2
2026-04-14,601318,13:23:26,58.6500,10,2
2026-04-14,601318,13:23:29,58.6500,31,2
2026-04-14,601318,13:23:32,58.6500,138,2
2026-04-14,601318,13:23:35,58.6500,9,2
2026-04-14,601318,13:23:38,58.6500,101,2
2026-04-14,601318,13:23:41,58.6400,154,2
2026-04-14,601318,13:23:44,58.6400,459,2
2026-04-14,601318,13:23:47,58.6300,211,2
2026-04-14,601318,13:23:50,58.6300,51,4
2026-04-14,601318,13:23:53,58.6200,78,2
2026-04-14,601318,13:23:56,58.6100,84,2
2026-04-14,601318,13:23:59,58.6200,52,2
2026-04-14,601318,13:24:02,58.6200,104,1
2026-04-14,601318,13:24:05,58.6300,222,1
2026-04-14,601318,13:24:08,58.6400,165,1
2026-04-14,601318,13:24:11,58.6400,144,2
2026-04-14,601318,13:24:14,58.6400,1,2
2026-04-14,601318,13:24:17,58.6400,55,2
2026-04-14,601318,13:24:20,58.6300,18,2
2026-04-14,601318,13:24:23,58.6400,120,2
2026-04-14,601318,13:24:26,58.6400,139,1
2026-04-14,601318,13:24:29,58.6300,25,2
2026-04-14,601318,13:24:32,58.6400,4,1
2026-04-14,601318,13:24:35,58.6400,133,1
2026-04-14,601318,13:24:38,58.6300,7,2
2026-04-14,601318,13:24:41,58.6300,172,2
2026-04-14,601318,13:24:44,58.6400,74,1
2026-04-14,601318,13:24:47,58.6300,15,2
2026-04-14,601318,13:24:50,58.6300,20,2
2026-04-14,601318,13:24:53,58.6300,82,4
2026-04-14,601318,13:24:56,58.6400,52,1
2026-04-14,601318,13:24:59,58.6300,137,4
2026-04-14,601318,13:25:02,58.6200,31,2
2026-04-14,601318,13:25:05,58.6300,21,1
2026-04-14,601318,13:25:08,58.6300,29,1
2026-04-14,601318,13:25:11,58.6200,89,2
2026-04-14,601318,13:25:14,58.6200,12,2
2026-04-14,601318,13:25:17,58.6200,74,2
2026-04-14,601318,13:25:20,58.6200,82,2
2026-04-14,601318,13:25:23,58.6200,189,2
2026-04-14,601318,13:25:26,58.6100,101,2
2026-04-14,601318,13:25:29,58.6200,32,1
2026-04-14,601318,13:25:32,58.6000,556,2
2026-04-14,601318,13:25:35,58.6100,184,1
2026-04-14,601318,13:25:38,58.6400,118,1
2026-04-14,601318,13:25:41,58.6000,102,2
2026-04-14,601318,13:25:44,58.6200,9,1
2026-04-14,601318,13:25:47,58.6100,67,2
2026-04-14,601318,13:25:50,58.6000,45,2
2026-04-14,601318,13:25:53,58.6100,24,1
2026-04-14,601318,13:25:56,58.6000,112,2
2026-04-14,601318,13:25:59,58.6100,51,1
2026-04-14,601318,13:26:02,58.6000,51,2
2026-04-14,601318,13:26:05,58.6200,433,1
2026-04-14,601318,13:26:08,58.6100,100,4
2026-04-14,601318,13:26:11,58.6200,56,1
2026-04-14,601318,13:26:14,58.6300,403,1
2026-04-14,601318,13:26:17,58.6300,50,2
2026-04-14,601318,13:26:20,58.6300,40,2
2026-04-14,601318,13:26:23,58.6300,54,2
2026-04-14,601318,13:26:26,58.6400,251,1
2026-04-14,601318,13:26:29,58.6400,20,2
2026-04-14,601318,13:26:32,58.6400,102,2
2026-04-14,601318,13:26:35,58.6400,1,2
2026-04-14,601318,13:26:38,58.6300,152,2
2026-04-14,601318,13:26:41,58.6300,51,2
2026-04-14,601318,13:26:47,58.6300,5,1
2026-04-14,601318,13:26:50,58.6300,11,1
2026-04-14,601318,13:26:53,58.6300,290,1
2026-04-14,601318,13:26:56,58.6300,21,2
2026-04-14,601318,13:26:59,58.6300,23,2
2026-04-14,601318,13:27:02,58.6300,44,1
2026-04-14,601318,13:27:05,58.6200,59,2
2026-04-14,601318,13:27:08,58.6200,19,2
2026-04-14,601318,13:27:11,58.6300,51,1
2026-04-14,601318,13:27:14,58.6200,34,2
2026-04-14,601318,13:27:17,58.6200,7,2
2026-04-14,601318,13:27:20,58.6200,103,2
2026-04-14,601318,13:27:23,58.6300,26,1
2026-04-14,601318,13:27:26,58.6300,119,1
2026-04-14,601318,13:27:29,58.6200,358,2
2026-04-14,601318,13:27:32,58.6000,213,2
2026-04-14,601318,13:27:35,58.6200,8,1
2026-04-14,601318,13:27:38,58.6100,49,2
2026-04-14,601318,13:27:41,58.6100,109,2
2026-04-14,601318,13:27:44,58.6100,40,2
2026-04-14,601318,13:27:47,58.6100,14,2
2026-04-14,601318,13:27:50,58.6100,38,2
2026-04-14,601318,13:27:53,58.6100,124,2
2026-04-14,601318,13:27:56,58.6200,62,1
2026-04-14,601318,13:27:59,58.6100,23,2
2026-04-14,601318,13:28:02,58.6100,41,2
2026-04-14,601318,13:28:05,58.6200,120,1
2026-04-14,601318,13:28:08,58.6200,107,1
2026-04-14,601318,13:28:11,58.6100,23,2
2026-04-14,601318,13:28:14,58.6200,2,2
2026-04-14,601318,13:28:17,58.6300,230,1
2026-04-14,601318,13:28:20,58.6200,88,2
2026-04-14,601318,13:28:23,58.6400,9,1
2026-04-14,601318,13:28:26,58.6200,13,2
2026-04-14,601318,13:28:29,58.6300,17,4
2026-04-14,601318,13:28:32,58.6300,7,1
2026-04-14,601318,13:28:35,58.6300,2,1
2026-04-14,601318,13:28:38,58.6300,60,1
2026-04-14,601318,13:28:41,58.6300,73,2
2026-04-14,601318,13:28:44,58.6200,7,2
2026-04-14,601318,13:28:47,58.6200,216,2
2026-04-14,601318,13:28:50,58.6200,21,2
2026-04-14,601318,13:28:53,58.6300,19,1
2026-04-14,601318,13:28:56,58.6200,3,2
2026-04-14,601318,13:28:59,58.6200,15,2
2026-04-14,601318,13:29:02,58.6200,94,2
2026-04-14,601318,13:29:05,58.6200,6,2
2026-04-14,601318,13:29:08,58.6200,79,2
2026-04-14,601318,13:29:11,58.6200,124,2
2026-04-14,601318,13:29:14,58.6200,63,2
2026-04-14,601318,13:29:17,58.6200,30,2
2026-04-14,601318,13:29:20,58.6300,21,1
2026-04-14,601318,13:29:23,58.6300,79,1
2026-04-14,601318,13:29:26,58.6200,48,2
2026-04-14,601318,13:29:29,58.6200,19,2
2026-04-14,601318,13:29:32,58.6300,79,1
2026-04-14,601318,13:29:35,58.6200,20,2
2026-04-14,601318,13:29:38,58.6300,746,1
2026-04-14,601318,13:29:41,58.6200,82,2
2026-04-14,601318,13:29:44,58.6300,9,1
2026-04-14,601318,13:29:47,58.6300,52,1
2026-04-14,601318,13:29:50,58.6300,2,2
2026-04-14,601318,13:29:53,58.6300,61,2
2026-04-14,601318,13:29:56,58.6400,246,1
2026-04-14,601318,13:29:59,58.6300,129,2
2026-04-14,601318,13:30:02,58.6300,15,1
2026-04-14,601318,13:30:05,58.6400,688,1
2026-04-14,601318,13:30:08,58.6500,14,1
2026-04-14,601318,13:30:11,58.6500,184,1
2026-04-14,601318,13:30:14,58.6600,135,1
2026-04-14,601318,13:30:17,58.6600,12,4
2026-04-14,601318,13:30:20,58.6700,155,1
2026-04-14,601318,13:30:23,58.6800,13,1
2026-04-14,601318,13:30:26,58.6800,97,1
2026-04-14,601318,13:30:29,58.6700,2,2
2026-04-14,601318,13:30:35,58.6700,49,1
2026-04-14,601318,13:30:38,58.6700,18,1
2026-04-14,601318,13:30:41,58.6600,78,2
2026-04-14,601318,13:30:44,58.6600,1,1
2026-04-14,601318,13:30:47,58.6500,52,2
2026-04-14,601318,13:30:50,58.6600,19,1
2026-04-14,601318,13:30:53,58.6600,22,1
2026-04-14,601318,13:30:56,58.6500,3,2
2026-04-14,601318,13:30:59,58.6600,229,1
2026-04-14,601318,13:31:02,58.6500,33,2
2026-04-14,601318,13:31:05,58.6600,19,2
2026-04-14,601318,13:31:08,58.6600,16,1
2026-04-14,601318,13:31:11,58.6500,6,2
2026-04-14,601318,13:31:14,58.6500,20,2
2026-04-14,601318,13:31:17,58.6600,14,1
2026-04-14,601318,13:31:20,58.6500,60,2
2026-04-14,601318,13:31:23,58.6200,230,2
2026-04-14,601318,13:31:26,58.6500,125,1
2026-04-14,601318,13:31:29,58.6400,26,1
2026-04-14,601318,13:31:32,58.6200,283,2
2026-04-14,601318,13:31:35,58.6200,11,1
2026-04-14,601318,13:31:38,58.6100,24,2
2026-04-14,601318,13:31:41,58.6000,156,2
2026-04-14,601318,13:31:47,58.6100,24,1
2026-04-14,601318,13:31:50,58.6000,31,2
2026-04-14,601318,13:31:53,58.6000,389,2
2026-04-14,601318,13:31:56,58.5900,239,2
2026-04-14,601318,13:31:59,58.5900,20,2
2026-04-14,601318,13:32:02,58.5900,51,2
2026-04-14,601318,13:32:05,58.5900,46,2
2026-04-14,601318,13:32:08,58.6000,20,1
2026-04-14,601318,13:32:11,58.5900,13,2
2026-04-14,601318,13:32:14,58.6000,31,1
2026-04-14,601318,13:32:17,58.5900,96,2
2026-04-14,601318,13:32:20,58.5900,76,1
2026-04-14,601318,13:32:23,58.5800,105,2
2026-04-14,601318,13:32:26,58.6000,12,1
2026-04-14,601318,13:32:29,58.5900,5,1
2026-04-14,601318,13:32:32,58.5800,19,2
2026-04-14,601318,13:32:35,58.5900,48,1
2026-04-14,601318,13:32:38,58.5900,112,1
2026-04-14,601318,13:32:41,58.5900,200,1
2026-04-14,601318,13:32:44,58.5900,92,2
2026-04-14,601318,13:32:47,58.5800,33,2
2026-04-14,601318,13:32:50,58.5900,72,1
2026-04-14,601318,13:32:53,58.5800,18,2
2026-04-14,601318,13:32:56,58.5900,38,1
2026-04-14,601318,13:32:59,58.5800,37,2
2026-04-14,601318,13:33:02,58.5800,120,2
2026-04-14,601318,13:33:05,58.5900,75,1
2026-04-14,601318,13:33:08,58.5800,754,2
2026-04-14,601318,13:33:11,58.5700,125,2
2026-04-14,601318,13:33:14,58.5700,80,2
2026-04-14,601318,13:33:17,58.5700,105,2
2026-04-14,601318,13:33:20,58.5700,21,2
2026-04-14,601318,13:33:23,58.5700,85,2
2026-04-14,601318,13:33:26,58.5600,53,2
2026-04-14,601318,13:33:29,58.5600,41,2
2026-04-14,601318,13:33:32,58.5600,28,2
2026-04-14,601318,13:33:35,58.5600,88,2
2026-04-14,601318,13:33:38,58.5600,44,2
2026-04-14,601318,13:33:41,58.5600,140,2
2026-04-14,601318,13:33:44,58.5600,24,2
2026-04-14,601318,13:33:47,58.5600,77,2
2026-04-14,601318,13:33:50,58.5600,32,2
2026-04-14,601318,13:33:53,58.5600,33,2
2026-04-14,601318,13:33:56,58.5600,125,2
2026-04-14,601318,13:33:59,58.5700,3,1
2026-04-14,601318,13:34:02,58.5600,37,2
2026-04-14,601318,13:34:05,58.5600,38,2
2026-04-14,601318,13:34:08,58.5600,484,2
2026-04-14,601318,13:34:11,58.5600,111,1
2026-04-14,601318,13:34:14,58.5600,115,1
2026-04-14,601318,13:34:17,58.5500,30,2
2026-04-14,601318,13:34:20,58.5600,68,1
2026-04-14,601318,13:34:23,58.5500,96,2
2026-04-14,601318,13:34:26,58.5500,74,2
2026-04-14,601318,13:34:29,58.5500,126,2
2026-04-14,601318,13:34:32,58.5500,141,2
2026-04-14,601318,13:34:35,58.5500,13,2
2026-04-14,601318,13:34:38,58.5600,135,1
2026-04-14,601318,13:34:41,58.5500,96,2
2026-04-14,601318,13:34:44,58.5500,95,2
2026-04-14,601318,13:34:47,58.5500,228,2
2026-04-14,601318,13:34:50,58.5400,46,2
2026-04-14,601318,13:34:53,58.5400,96,2
2026-04-14,601318,13:34:56,58.5500,34,1
2026-04-14,601318,13:34:59,58.5400,43,2
2026-04-14,601318,13:35:02,58.5300,53,2
2026-04-14,601318,13:35:05,58.5300,37,2
2026-04-14,601318,13:35:08,58.5400,237,1
2026-04-14,601318,13:35:11,58.5400,146,2
2026-04-14,601318,13:35:14,58.5500,47,1
2026-04-14,601318,13:35:17,58.5500,37,2
2026-04-14,601318,13:35:20,58.5500,29,2
2026-04-14,601318,13:35:23,58.5500,49,2
2026-04-14,601318,13:35:26,58.5500,50,2
2026-04-14,601318,13:35:29,58.5500,29,2
2026-04-14,601318,13:35:32,58.5500,58,1
2026-04-14,601318,13:35:35,58.5400,24,2
2026-04-14,601318,13:35:38,58.5500,20,2
2026-04-14,601318,13:35:41,58.5500,172,1
2026-04-14,601318,13:35:44,58.5500,41,2
2026-04-14,601318,13:35:47,58.5500,12,2
2026-04-14,601318,13:35:50,58.5500,50,2
2026-04-14,601318,13:35:53,58.5400,12,2
2026-04-14,601318,13:35:56,58.5400,9,2
2026-04-14,601318,13:35:59,58.5400,34,2
2026-04-14,601318,13:36:02,58.5400,83,2
2026-04-14,601318,13:36:05,58.5400,147,1
2026-04-14,601318,13:36:08,58.5400,124,1
2026-04-14,601318,13:36:11,58.5600,68,1
2026-04-14,601318,13:36:14,58.5500,34,2
2026-04-14,601318,13:36:17,58.5600,19,1
2026-04-14,601318,13:36:20,58.5400,334,2
2026-04-14,601318,13:36:23,58.5500,75,1
2026-04-14,601318,13:36:26,58.5500,29,1
2026-04-14,601318,13:36:29,58.5500,970,1
2026-04-14,601318,13:36:32,58.5600,66,1
2026-04-14,601318,13:36:35,58.5500,60,2
2026-04-14,601318,13:36:38,58.5500,17,2
2026-04-14,601318,13:36:41,58.5500,255,2
2026-04-14,601318,13:36:44,58.5500,22,1
2026-04-14,601318,13:36:47,58.5500,6,1
2026-04-14,601318,13:36:50,58.5400,63,2
2026-04-14,601318,13:36:53,58.5500,1,1
2026-04-14,601318,13:36:56,58.5400,29,2
2026-04-14,601318,13:36:59,58.5400,112,2
2026-04-14,601318,13:37:02,58.5400,151,2
2026-04-14,601318,13:37:05,58.5400,72,2
2026-04-14,601318,13:37:08,58.5500,105,1
2026-04-14,601318,13:37:11,58.5400,28,2
2026-04-14,601318,13:37:14,58.5500,16,1
2026-04-14,601318,13:37:17,58.5500,22,1
2026-04-14,601318,13:37:20,58.5400,92,2
2026-04-14,601318,13:37:23,58.5500,126,1
2026-04-14,601318,13:37:26,58.5300,514,2
2026-04-14,601318,13:37:29,58.5400,13,1
2026-04-14,601318,13:37:32,58.5400,176,1
2026-04-14,601318,13:37:35,58.5500,38,1
2026-04-14,601318,13:37:38,58.5400,6,2
2026-04-14,601318,13:37:41,58.5400,88,2
2026-04-14,601318,13:37:44,58.5300,11,2
2026-04-14,601318,13:37:47,58.5300,27,2
2026-04-14,601318,13:37:50,58.5400,110,1
2026-04-14,601318,13:37:53,58.5300,31,2
2026-04-14,601318,13:37:56,58.5300,64,2
2026-04-14,601318,13:37:59,58.5300,26,2
2026-04-14,601318,13:38:02,58.5400,29,1
2026-04-14,601318,13:38:05,58.5300,25,2
2026-04-14,601318,13:38:08,58.5300,3,2
2026-04-14,601318,13:38:11,58.5400,17,1
2026-04-14,601318,13:38:14,58.5300,39,2
2026-04-14,601318,13:38:17,58.5300,2,2
2026-04-14,601318,13:38:20,58.5300,99,2
2026-04-14,601318,13:38:23,58.5400,346,1
2026-04-14,601318,13:38:26,58.5400,29,2
2026-04-14,601318,13:38:29,58.5500,12,1
2026-04-14,601318,13:38:32,58.5400,35,2
2026-04-14,601318,13:38:35,58.5400,302,2
2026-04-14,601318,13:38:38,58.5400,33,1
2026-04-14,601318,13:38:41,58.5300,332,2
2026-04-14,601318,13:38:44,58.5300,36,2
2026-04-14,601318,13:38:47,58.5300,67,2
2026-04-14,601318,13:38:50,58.5300,65,2
2026-04-14,601318,13:38:53,58.5300,28,2
2026-04-14,601318,13:38:56,58.5300,32,2
2026-04-14,601318,13:38:59,58.5300,23,2
2026-04-14,601318,13:39:02,58.5300,178,2
2026-04-14,601318,13:39:05,58.5300,75,2
2026-04-14,601318,13:39:08,58.5400,19,1
2026-04-14,601318,13:39:11,58.5300,22,2
2026-04-14,601318,13:39:14,58.5300,20,2
2026-04-14,601318,13:39:17,58.5300,211,2
2026-04-14,601318,13:39:21,58.5300,39,2
2026-04-14,601318,13:39:23,58.5300,68,2
2026-04-14,601318,13:39:26,58.5400,27,1
2026-04-14,601318,13:39:29,58.5300,34,2
2026-04-14,601318,13:39:32,58.5300,27,2
2026-04-14,601318,13:39:35,58.5300,60,2
2026-04-14,601318,13:39:38,58.5300,7,2
2026-04-14,601318,13:39:41,58.5300,99,2
2026-04-14,601318,13:39:44,58.5300,29,2
2026-04-14,601318,13:39:47,58.5300,41,2
2026-04-14,601318,13:39:50,58.5300,64,2
2026-04-14,601318,13:39:53,58.5300,7,2
2026-04-14,601318,13:39:56,58.5400,29,1
2026-04-14,601318,13:39:59,58.5300,331,2
2026-04-14,601318,13:40:02,58.5300,806,1
2026-04-14,601318,13:40:05,58.5300,290,1
2026-04-14,601318,13:40:08,58.5300,325,1
2026-04-14,601318,13:40:11,58.5700,1438,1
2026-04-14,601318,13:40:14,58.5800,51,1
2026-04-14,601318,13:40:17,58.5800,278,1
2026-04-14,601318,13:40:20,58.5700,53,2
2026-04-14,601318,13:40:23,58.5700,86,1
2026-04-14,601318,13:40:26,58.5700,167,1
2026-04-14,601318,13:40:29,58.5700,23,1
2026-04-14,601318,13:40:32,58.5600,175,2
2026-04-14,601318,13:40:35,58.5700,19,1
2026-04-14,601318,13:40:38,58.5500,201,2
2026-04-14,601318,13:40:41,58.5500,32,2
2026-04-14,601318,13:40:44,58.5400,21,2
2026-04-14,601318,13:40:47,58.5600,54,1
2026-04-14,601318,13:40:50,58.5600,239,1
2026-04-14,601318,13:40:53,58.5600,53,1
2026-04-14,601318,13:40:56,58.5500,214,4
2026-04-14,601318,13:40:59,58.5400,14,2
2026-04-14,601318,13:41:02,58.5400,24,1
2026-04-14,601318,13:41:05,58.5200,235,2
2026-04-14,601318,13:41:08,58.5300,11,2
2026-04-14,601318,13:41:11,58.5400,202,1
2026-04-14,601318,13:41:14,58.5100,283,2
2026-04-14,601318,13:41:17,58.5300,15,4
2026-04-14,601318,13:41:20,58.5200,16,2
2026-04-14,601318,13:41:23,58.5200,16,1
2026-04-14,601318,13:41:26,58.5100,24,2
2026-04-14,601318,13:41:29,58.5300,7,1
2026-04-14,601318,13:41:32,58.5300,17,1
2026-04-14,601318,13:41:35,58.5200,56,2
2026-04-14,601318,13:41:38,58.5200,19,1
2026-04-14,601318,13:41:41,58.5100,98,2
2026-04-14,601318,13:41:44,58.5200,34,1
2026-04-14,601318,13:41:47,58.5400,315,1
2026-04-14,601318,13:41:50,58.5300,24,4
2026-04-14,601318,13:41:53,58.5300,2,2
2026-04-14,601318,13:41:56,58.5400,11,1
2026-04-14,601318,13:41:59,58.5400,7,1
2026-04-14,601318,13:42:02,58.5400,7,1
2026-04-14,601318,13:42:05,58.5400,32,1
2026-04-14,601318,13:42:08,58.5400,122,1
2026-04-14,601318,13:42:11,58.5300,43,2
2026-04-14,601318,13:42:14,58.5400,30,1
2026-04-14,601318,13:42:17,58.5400,2,1
2026-04-14,601318,13:42:20,58.5400,8,1
2026-04-14,601318,13:42:23,58.5400,2,1
2026-04-14,601318,13:42:26,58.5400,25,1
2026-04-14,601318,13:42:29,58.5400,44,1
2026-04-14,601318,13:42:35,58.5400,2,1
2026-04-14,601318,13:42:39,58.5400,22,1
2026-04-14,601318,13:42:41,58.5300,259,2
2026-04-14,601318,13:42:44,58.5300,89,2
2026-04-14,601318,13:42:47,58.5400,8,2
2026-04-14,601318,13:42:50,58.5400,35,2
2026-04-14,601318,13:42:53,58.5400,38,2
2026-04-14,601318,13:42:56,58.5400,18,2
2026-04-14,601318,13:42:59,58.5400,81,2
2026-04-14,601318,13:43:02,58.5300,75,2
2026-04-14,601318,13:43:05,58.5400,142,1
2026-04-14,601318,13:43:08,58.5300,73,2
2026-04-14,601318,13:43:11,58.5300,53,2
2026-04-14,601318,13:43:14,58.5300,52,2
2026-04-14,601318,13:43:17,58.5400,58,1
2026-04-14,601318,13:43:21,58.5400,53,1
2026-04-14,601318,13:43:23,58.5300,2,2
2026-04-14,601318,13:43:26,58.5400,2,1
2026-04-14,601318,13:43:29,58.5400,1,1
2026-04-14,601318,13:43:32,58.5400,20,1
2026-04-14,601318,13:43:35,58.5400,69,1
2026-04-14,601318,13:43:38,58.5400,3,2
2026-04-14,601318,13:43:41,58.5400,82,2
2026-04-14,601318,13:43:47,58.5500,11,1
2026-04-14,601318,13:43:50,58.5400,21,2
2026-04-14,601318,13:43:53,58.5500,2,1
2026-04-14,601318,13:43:56,58.5500,173,1
2026-04-14,601318,13:43:59,58.5500,19,4
2026-04-14,601318,13:44:02,58.5500,11,1
2026-04-14,601318,13:44:05,58.5500,7,1
2026-04-14,601318,13:44:08,58.5500,3,1
2026-04-14,601318,13:44:11,58.5500,52,1
2026-04-14,601318,13:44:14,58.5400,111,2
2026-04-14,601318,13:44:18,58.5500,45,1
2026-04-14,601318,13:44:20,58.5500,31,1
2026-04-14,601318,13:44:23,58.5600,53,1
2026-04-14,601318,13:44:26,58.5500,9,1
2026-04-14,601318,13:44:32,58.5600,3,1
2026-04-14,601318,13:44:35,58.5500,15,2
2026-04-14,601318,13:44:38,58.5600,7,1
2026-04-14,601318,13:44:41,58.5500,78,2
2026-04-14,601318,13:44:44,58.5500,1,2
2026-04-14,601318,13:44:47,58.5600,15,1
2026-04-14,601318,13:44:50,58.5500,8,2
2026-04-14,601318,13:44:53,58.5500,94,2
2026-04-14,601318,13:44:56,58.5500,8,2
2026-04-14,601318,13:44:59,58.5500,67,2
2026-04-14,601318,13:45:02,58.5400,127,2
2026-04-14,601318,13:45:05,58.5400,78,2
2026-04-14,601318,13:45:08,58.5400,5,2
2026-04-14,601318,13:45:11,58.5400,43,2
2026-04-14,601318,13:45:17,58.5400,19,2
2026-04-14,601318,13:45:20,58.5400,3,2
2026-04-14,601318,13:45:23,58.5500,18,1
2026-04-14,601318,13:45:26,58.5500,22,1
2026-04-14,601318,13:45:29,58.5400,3,2
2026-04-14,601318,13:45:32,58.5400,26,2
2026-04-14,601318,13:45:35,58.5500,6,4
2026-04-14,601318,13:45:38,58.5600,123,1
2026-04-14,601318,13:45:41,58.5500,34,2
2026-04-14,601318,13:45:44,58.5500,5,1
2026-04-14,601318,13:45:48,58.5500,38,1
2026-04-14,601318,13:45:50,58.5500,85,1
2026-04-14,601318,13:45:53,58.5400,4,2
2026-04-14,601318,13:45:56,58.5500,64,1
2026-04-14,601318,13:45:59,58.5500,28,1
2026-04-14,601318,13:46:02,58.5500,15,1
2026-04-14,601318,13:46:05,58.5500,15,1
2026-04-14,601318,13:46:08,58.5500,17,1
2026-04-14,601318,13:46:11,58.5500,8,1
2026-04-14,601318,13:46:14,58.5500,51,1
2026-04-14,601318,13:46:17,58.5500,27,1
2026-04-14,601318,13:46:20,58.5500,44,2
2026-04-14,601318,13:46:23,58.5600,45,1
2026-04-14,601318,13:46:26,58.5600,11,1
2026-04-14,601318,13:46:29,58.5600,1,1
2026-04-14,601318,13:46:32,58.5600,30,1
2026-04-14,601318,13:46:35,58.5500,41,2
2026-04-14,601318,13:46:38,58.5600,96,1
2026-04-14,601318,13:46:41,58.5500,129,2
2026-04-14,601318,13:46:44,58.5500,4,2
2026-04-14,601318,13:46:47,58.5600,33,2
2026-04-14,601318,13:46:50,58.5700,3,1
2026-04-14,601318,13:46:53,58.5700,6,1
2026-04-14,601318,13:46:56,58.5700,11,1
2026-04-14,601318,13:46:59,58.5700,15,1
2026-04-14,601318,13:47:02,58.5700,25,1
2026-04-14,601318,13:47:05,58.5600,2,2
2026-04-14,601318,13:47:08,58.5700,144,1
2026-04-14,601318,13:47:11,58.5700,22,1
2026-04-14,601318,13:47:14,58.5700,20,1
2026-04-14,601318,13:47:17,58.5600,11,2
2026-04-14,601318,13:47:20,58.5700,20,1
2026-04-14,601318,13:47:23,58.5700,53,1
2026-04-14,601318,13:47:26,58.5700,126,1
2026-04-14,601318,13:47:29,58.5700,65,1
2026-04-14,601318,13:47:32,58.5700,17,1
2026-04-14,601318,13:47:35,58.5600,14,2
2026-04-14,601318,13:47:38,58.5700,9,1
2026-04-14,601318,13:47:41,58.5700,104,1
2026-04-14,601318,13:47:44,58.5700,27,1
2026-04-14,601318,13:47:47,58.5700,13,1
2026-04-14,601318,13:47:50,58.5700,26,1
2026-04-14,601318,13:47:53,58.5700,12,2
2026-04-14,601318,13:47:56,58.5800,12,1
2026-04-14,601318,13:47:59,58.5800,74,1
2026-04-14,601318,13:48:02,58.5700,15,2
2026-04-14,601318,13:48:05,58.5700,6,2
2026-04-14,601318,13:48:08,58.5800,18,1
2026-04-14,601318,13:48:11,58.5800,44,1
2026-04-14,601318,13:48:18,58.5800,9,1
2026-04-14,601318,13:48:20,58.5800,3,1
2026-04-14,601318,13:48:23,58.5800,159,1
2026-04-14,601318,13:48:26,58.5800,8,1
2026-04-14,601318,13:48:29,58.5900,199,1
2026-04-14,601318,13:48:32,58.6100,386,1
2026-04-14,601318,13:48:35,58.6200,26,1
2026-04-14,601318,13:48:38,58.6400,59,1
2026-04-14,601318,13:48:41,58.6100,432,2
2026-04-14,601318,13:48:44,58.6000,119,2
2026-04-14,601318,13:48:47,58.6100,9,2
2026-04-14,601318,13:48:50,58.6100,284,1
2026-04-14,601318,13:48:54,58.6100,37,1
2026-04-14,601318,13:48:56,58.6100,120,2
2026-04-14,601318,13:48:59,58.6200,73,1
2026-04-14,601318,13:49:02,58.6200,107,2
2026-04-14,601318,13:49:05,58.6200,26,2
2026-04-14,601318,13:49:09,58.6200,624,1
2026-04-14,601318,13:49:11,58.6200,22,2
2026-04-14,601318,13:49:14,58.6300,2,4
2026-04-14,601318,13:49:17,58.6400,5,1
2026-04-14,601318,13:49:20,58.6300,60,2
2026-04-14,601318,13:49:23,58.6200,117,2
2026-04-14,601318,13:49:26,58.6700,56,1
2026-04-14,601318,13:49:29,58.6100,136,2
2026-04-14,601318,13:49:32,58.6200,2,1
2026-04-14,601318,13:49:35,58.6500,18,1
2026-04-14,601318,13:49:38,58.6500,13,1
2026-04-14,601318,13:49:41,58.6400,103,2
2026-04-14,601318,13:49:44,58.6400,15,1
2026-04-14,601318,13:49:48,58.6400,18,1
2026-04-14,601318,13:49:50,58.6400,2,1
2026-04-14,601318,13:49:53,58.6300,53,2
2026-04-14,601318,13:49:56,58.6300,3,1
2026-04-14,601318,13:49:59,58.6300,22,1
2026-04-14,601318,13:50:02,58.6300,61,2
2026-04-14,601318,13:50:05,58.6400,5,1
2026-04-14,601318,13:50:08,58.6500,32,1
2026-04-14,601318,13:50:11,58.6500,4,4
2026-04-14,601318,13:50:14,58.6500,66,2
2026-04-14,601318,13:50:17,58.6400,10,2
2026-04-14,601318,13:50:20,58.6300,18,2
2026-04-14,601318,13:50:23,58.6400,5,1
2026-04-14,601318,13:50:26,58.6400,4,1
2026-04-14,601318,13:50:29,58.6500,21,1
2026-04-14,601318,13:50:32,58.6400,4,2
2026-04-14,601318,13:50:35,58.6500,6,1
2026-04-14,601318,13:50:39,58.6500,9,1
2026-04-14,601318,13:50:41,58.6400,75,2
2026-04-14,601318,13:50:44,58.6500,96,1
2026-04-14,601318,13:50:47,58.6400,105,2
2026-04-14,601318,13:50:50,58.6600,155,1
2026-04-14,601318,13:50:53,58.6800,209,1
2026-04-14,601318,13:50:56,58.6700,20,2
2026-04-14,601318,13:50:59,58.6700,4,2
2026-04-14,601318,13:51:02,58.6800,51,1
2026-04-14,601318,13:51:05,58.6700,6,2
2026-04-14,601318,13:51:08,58.6700,12,1
2026-04-14,601318,13:51:11,58.6700,14,1
2026-04-14,601318,13:51:14,58.6600,439,2
2026-04-14,601318,13:51:17,58.6600,33,2
2026-04-14,601318,13:51:20,58.6600,27,1
2026-04-14,601318,13:51:23,58.6500,12,2
2026-04-14,601318,13:51:29,58.6500,17,1
2026-04-14,601318,13:51:32,58.6500,13,1
2026-04-14,601318,13:51:35,58.6400,7,2
2026-04-14,601318,13:51:38,58.6500,101,1
2026-04-14,601318,13:51:41,58.6400,317,2
2026-04-14,601318,13:51:44,58.6400,22,1
2026-04-14,601318,13:51:47,58.6300,6,2
2026-04-14,601318,13:51:50,58.6600,102,1
2026-04-14,601318,13:51:53,58.6000,554,2
2026-04-14,601318,13:51:56,58.6600,44,1
2026-04-14,601318,13:51:59,58.6400,8,2
2026-04-14,601318,13:52:02,58.6400,76,4
2026-04-14,601318,13:52:05,58.6500,15,1
2026-04-14,601318,13:52:08,58.6300,108,2
2026-04-14,601318,13:52:11,58.6500,1,1
2026-04-14,601318,13:52:14,58.6500,61,1
2026-04-14,601318,13:52:17,58.6500,38,1
2026-04-14,601318,13:52:20,58.6500,189,1
2026-04-14,601318,13:52:23,58.6500,8,1
2026-04-14,601318,13:52:26,58.6400,194,2
2026-04-14,601318,13:52:29,58.6300,12,2
2026-04-14,601318,13:52:32,58.6400,8,4
2026-04-14,601318,13:52:35,58.6400,8,2
2026-04-14,601318,13:52:38,58.6500,34,1
2026-04-14,601318,13:52:41,58.6300,5,2
2026-04-14,601318,13:52:44,58.6300,6,1
2026-04-14,601318,13:52:47,58.6200,6,2
2026-04-14,601318,13:52:50,58.6200,13,2
2026-04-14,601318,13:52:53,58.6000,23,2
2026-04-14,601318,13:52:56,58.6100,2,2
2026-04-14,601318,13:52:59,58.6100,4,1
2026-04-14,601318,13:53:02,58.6200,72,1
2026-04-14,601318,13:53:05,58.6100,3,1
2026-04-14,601318,13:53:08,58.6000,97,2
2026-04-14,601318,13:53:11,58.6000,20,1
2026-04-14,601318,13:53:14,58.5900,165,2
2026-04-14,601318,13:53:17,58.5900,33,1
2026-04-14,601318,13:53:20,58.5900,204,1
2026-04-14,601318,13:53:23,58.5600,6,2
2026-04-14,601318,13:53:26,58.5700,49,1
2026-04-14,601318,13:53:29,58.5700,1,2
2026-04-14,601318,13:53:32,58.5700,15,2
2026-04-14,601318,13:53:35,58.5700,20,2
2026-04-14,601318,13:53:38,58.5800,277,1
2026-04-14,601318,13:53:41,58.5900,69,1
2026-04-14,601318,13:53:44,58.5800,2,1
2026-04-14,601318,13:53:47,58.5800,66,1
2026-04-14,601318,13:53:50,58.5800,15,1
2026-04-14,601318,13:53:53,58.5800,394,1
2026-04-14,601318,13:53:56,58.5700,71,1
2026-04-14,601318,13:53:59,58.5700,42,1
2026-04-14,601318,13:54:02,58.5700,8,1
2026-04-14,601318,13:54:05,58.5700,7,1
2026-04-14,601318,13:54:08,58.5600,149,2
2026-04-14,601318,13:54:11,58.5600,117,2
2026-04-14,601318,13:54:14,58.5600,55,2
2026-04-14,601318,13:54:17,58.5700,230,1
2026-04-14,601318,13:54:20,58.5700,176,2
2026-04-14,601318,13:54:23,58.5800,30,1
2026-04-14,601318,13:54:26,58.5800,102,2
2026-04-14,601318,13:54:29,58.5700,228,2
2026-04-14,601318,13:54:32,58.5700,7,1
2026-04-14,601318,13:54:35,58.5800,11,2
2026-04-14,601318,13:54:38,58.5800,15,2
2026-04-14,601318,13:54:41,58.5800,310,2
2026-04-14,601318,13:54:44,58.5800,26,2
2026-04-14,601318,13:54:47,58.5800,52,2
2026-04-14,601318,13:54:50,58.5900,16,2
2026-04-14,601318,13:54:53,58.6000,23,2
2026-04-14,601318,13:54:56,58.6100,20,1
2026-04-14,601318,13:55:02,58.6100,5,1
2026-04-14,601318,13:55:05,58.6000,2,2
2026-04-14,601318,13:55:08,58.6100,6,1
2026-04-14,601318,13:55:11,58.6000,4,2
2026-04-14,601318,13:55:14,58.6000,12,2
2026-04-14,601318,13:55:17,58.6100,3,1
2026-04-14,601318,13:55:23,58.6100,19,1
2026-04-14,601318,13:55:26,58.6100,14,1
2026-04-14,601318,13:55:29,58.6100,24,1
2026-04-14,601318,13:55:32,58.6200,102,1
2026-04-14,601318,13:55:38,58.6200,22,1
2026-04-14,601318,13:55:41,58.6000,65,2
2026-04-14,601318,13:55:44,58.6100,21,1
2026-04-14,601318,13:55:47,58.6100,2,1
2026-04-14,601318,13:55:50,58.6100,16,1
2026-04-14,601318,13:55:53,58.6100,39,1
2026-04-14,601318,13:55:56,58.6100,227,1
2026-04-14,601318,13:55:59,58.6000,9,2
2026-04-14,601318,13:56:02,58.6100,198,1
2026-04-14,601318,13:56:05,58.6300,240,1
2026-04-14,601318,13:56:08,58.6400,57,1
2026-04-14,601318,13:56:11,58.6400,10,2
2026-04-14,601318,13:56:14,58.6400,14,2
2026-04-14,601318,13:56:17,58.6500,44,1
2026-04-14,601318,13:56:20,58.6500,3,1
2026-04-14,601318,13:56:23,58.6500,3,1
2026-04-14,601318,13:56:26,58.6500,2,1
2026-04-14,601318,13:56:29,58.6600,37,1
2026-04-14,601318,13:56:32,58.6600,21,1
2026-04-14,601318,13:56:35,58.6500,35,2
2026-04-14,601318,13:56:41,58.6500,113,2
2026-04-14,601318,13:56:44,58.6500,38,1
2026-04-14,601318,13:56:47,58.6500,50,1
2026-04-14,601318,13:56:50,58.6500,12,1
2026-04-14,601318,13:56:53,58.6500,9,2
2026-04-14,601318,13:56:56,58.6500,16,2
2026-04-14,601318,13:56:59,58.6500,33,2
2026-04-14,601318,13:57:02,58.6500,22,2
2026-04-14,601318,13:57:05,58.6500,7,2
2026-04-14,601318,13:57:08,58.6500,9,2
2026-04-14,601318,13:57:11,58.6500,6,1
2026-04-14,601318,13:57:14,58.6500,23,2
2026-04-14,601318,13:57:17,58.6500,6,2
2026-04-14,601318,13:57:20,58.6500,31,2
2026-04-14,601318,13:57:23,58.6500,5,2
2026-04-14,601318,13:57:26,58.6500,17,1
2026-04-14,601318,13:57:29,58.6500,36,1
2026-04-14,601318,13:57:32,58.6500,10,1
2026-04-14,601318,13:57:35,58.6500,34,1
2026-04-14,601318,13:57:38,58.6500,3,2
2026-04-14,601318,13:57:41,58.6400,216,2
2026-04-14,601318,13:57:44,58.6400,71,2
2026-04-14,601318,13:57:47,58.6300,55,2
2026-04-14,601318,13:57:50,58.6400,36,1
2026-04-14,601318,13:57:53,58.6400,58,1
2026-04-14,601318,13:57:56,58.6400,9,1
2026-04-14,601318,13:57:59,58.6400,8,1
2026-04-14,601318,13:58:05,58.6600,64,1
2026-04-14,601318,13:58:08,58.6400,21,2
2026-04-14,601318,13:58:11,58.6500,18,1
2026-04-14,601318,13:58:14,58.6500,98,2
2026-04-14,601318,13:58:20,58.6600,9,1
2026-04-14,601318,13:58:23,58.6600,1,1
2026-04-14,601318,13:58:26,58.6600,1,1
2026-04-14,601318,13:58:29,58.6600,16,1
2026-04-14,601318,13:58:32,58.6600,10,2
2026-04-14,601318,13:58:35,58.6600,20,2
2026-04-14,601318,13:58:38,58.6600,269,2
2026-04-14,601318,13:58:41,58.6500,112,2
2026-04-14,601318,13:58:45,58.6600,117,1
2026-04-14,601318,13:58:47,58.6700,27,1
2026-04-14,601318,13:58:50,58.6600,15,4
2026-04-14,601318,13:58:53,58.6700,13,1
2026-04-14,601318,13:58:56,58.6700,6,1
2026-04-14,601318,13:58:59,58.6700,6,1
2026-04-14,601318,13:59:02,58.6700,1,1
2026-04-14,601318,13:59:05,58.6700,3,1
2026-04-14,601318,13:59:08,58.6700,94,1
2026-04-14,601318,13:59:11,58.6800,170,1
2026-04-14,601318,13:59:17,58.6800,17,1
2026-04-14,601318,13:59:20,58.6700,8,2
2026-04-14,601318,13:59:23,58.6800,6,1
2026-04-14,601318,13:59:26,58.6800,41,1
2026-04-14,601318,13:59:29,58.6800,436,1
2026-04-14,601318,13:59:32,58.6800,6,1
2026-04-14,601318,13:59:35,58.7000,45,1
2026-04-14,601318,13:59:38,58.6900,11,2
2026-04-14,601318,13:59:41,58.6900,286,2
2026-04-14,601318,13:59:44,58.6900,48,1
2026-04-14,601318,13:59:47,58.6700,46,2
2026-04-14,601318,13:59:50,58.6700,25,2
2026-04-14,601318,13:59:53,58.6700,10,2
2026-04-14,601318,13:59:56,58.6700,4,2
2026-04-14,601318,13:59:59,58.6800,5,1
2026-04-14,601318,14:00:02,58.6800,35,1
2026-04-14,601318,14:00:05,58.6900,52,1
2026-04-14,601318,14:00:08,58.6900,31,1
2026-04-14,601318,14:00:11,58.6800,11,2
2026-04-14,601318,14:00:14,58.6900,106,1
2026-04-14,601318,14:00:17,58.7000,26,1
2026-04-14,601318,14:00:20,58.7000,54,1
2026-04-14,601318,14:00:23,58.7100,82,1
2026-04-14,601318,14:00:26,58.7100,31,2
2026-04-14,601318,14:00:29,58.7100,153,2
2026-04-14,601318,14:00:32,58.6900,46,2
2026-04-14,601318,14:00:35,58.7000,159,1
2026-04-14,601318,14:00:38,58.7000,31,2
2026-04-14,601318,14:00:41,58.7000,39,2
2026-04-14,601318,14:00:44,58.6900,14,2
2026-04-14,601318,14:00:47,58.7000,81,1
2026-04-14,601318,14:00:50,58.7000,23,1
2026-04-14,601318,14:00:53,58.6900,73,2
2026-04-14,601318,14:00:56,58.6900,6,2
2026-04-14,601318,14:00:59,58.6900,8,2
2026-04-14,601318,14:01:02,58.7000,135,1
2026-04-14,601318,14:01:05,58.7000,89,1
2026-04-14,601318,14:01:08,58.7000,86,1
2026-04-14,601318,14:01:11,58.7000,184,1
2026-04-14,601318,14:01:14,58.7100,38,1
2026-04-14,601318,14:01:17,58.7000,85,2
2026-04-14,601318,14:01:20,58.7000,162,2
2026-04-14,601318,14:01:23,58.7000,14,2
2026-04-14,601318,14:01:26,58.7100,51,1
2026-04-14,601318,14:01:29,58.7100,3,1
2026-04-14,601318,14:01:32,58.7100,103,1
2026-04-14,601318,14:01:35,58.7100,54,2
2026-04-14,601318,14:01:38,58.7100,2,2
2026-04-14,601318,14:01:41,58.7200,109,1
2026-04-14,601318,14:01:44,58.7100,97,2
2026-04-14,601318,14:01:47,58.7100,7,1
2026-04-14,601318,14:01:50,58.7100,38,1
2026-04-14,601318,14:01:53,58.7000,37,2
2026-04-14,601318,14:01:56,58.7100,27,1
2026-04-14,601318,14:01:59,58.7100,5,2
2026-04-14,601318,14:02:02,58.7100,12,2
2026-04-14,601318,14:02:05,58.7000,109,2
2026-04-14,601318,14:02:08,58.7100,5,1
2026-04-14,601318,14:02:11,58.7100,110,1
2026-04-14,601318,14:02:14,58.7100,9,2
2026-04-14,601318,14:02:17,58.7200,28,1
2026-04-14,601318,14:02:20,58.6900,854,2
2026-04-14,601318,14:02:23,58.6900,36,2
2026-04-14,601318,14:02:26,58.6900,101,1
2026-04-14,601318,14:02:29,58.6900,8,1
2026-04-14,601318,14:02:32,58.6900,22,1
2026-04-14,601318,14:02:35,58.6900,10,1
2026-04-14,601318,14:02:38,58.6900,20,1
2026-04-14,601318,14:02:41,58.6900,119,2
2026-04-14,601318,14:02:44,58.7000,58,1
2026-04-14,601318,14:02:47,58.7000,47,2
2026-04-14,601318,14:02:50,58.7000,13,2
2026-04-14,601318,14:02:53,58.7100,49,1
2026-04-14,601318,14:02:56,58.7100,1,1
2026-04-14,601318,14:02:59,58.6900,6,2
2026-04-14,601318,14:03:02,58.6900,63,2
2026-04-14,601318,14:03:05,58.6900,52,2
2026-04-14,601318,14:03:08,58.6900,21,2
2026-04-14,601318,14:03:11,58.6900,162,2
2026-04-14,601318,14:03:14,58.6600,532,2
2026-04-14,601318,14:03:17,58.6600,12,2
2026-04-14,601318,14:03:20,58.6700,4,1
2026-04-14,601318,14:03:23,58.6600,35,2
2026-04-14,601318,14:03:26,58.6700,148,1
2026-04-14,601318,14:03:29,58.6600,8,2
2026-04-14,601318,14:03:32,58.6600,9,2
2026-04-14,601318,14:03:35,58.6600,63,2
2026-04-14,601318,14:03:38,58.6700,32,1
2026-04-14,601318,14:03:41,58.6500,63,2
2026-04-14,601318,14:03:44,58.6500,29,2
2026-04-14,601318,14:03:47,58.6500,12,2
2026-04-14,601318,14:03:50,58.6600,1,1
2026-04-14,601318,14:03:56,58.6600,59,1
2026-04-14,601318,14:03:59,58.6500,9,2
2026-04-14,601318,14:04:02,58.6700,81,1
2026-04-14,601318,14:04:05,58.6600,45,4
2026-04-14,601318,14:04:08,58.6700,57,1
2026-04-14,601318,14:04:11,58.6700,54,1
2026-04-14,601318,14:04:14,58.6700,41,1
2026-04-14,601318,14:04:17,58.6800,27,1
2026-04-14,601318,14:04:20,58.6900,39,1
2026-04-14,601318,14:04:23,58.6900,4,4
2026-04-14,601318,14:04:26,58.6900,43,2
2026-04-14,601318,14:04:29,58.6900,16,2
2026-04-14,601318,14:04:32,58.6900,8,2
2026-04-14,601318,14:04:35,58.7000,5,1
2026-04-14,601318,14:04:38,58.6900,16,2
2026-04-14,601318,14:04:41,58.6900,117,2
2026-04-14,601318,14:04:44,58.6900,16,2
2026-04-14,601318,14:04:47,58.7000,36,1
2026-04-14,601318,14:04:50,58.6900,18,2
2026-04-14,601318,14:04:53,58.7100,27,1
2026-04-14,601318,14:04:56,58.7000,6,2
2026-04-14,601318,14:04:59,58.7000,42,2
2026-04-14,601318,14:05:02,58.7100,47,1
2026-04-14,601318,14:05:05,58.7000,40,2
2026-04-14,601318,14:05:11,58.7000,28,2
2026-04-14,601318,14:05:14,58.7000,51,2
2026-04-14,601318,14:05:17,58.6900,25,2
2026-04-14,601318,14:05:20,58.7000,52,1
2026-04-14,601318,14:05:23,58.7000,5,1
2026-04-14,601318,14:05:26,58.7000,84,1
2026-04-14,601318,14:05:29,58.7000,39,2
2026-04-14,601318,14:05:32,58.7000,19,2
2026-04-14,601318,14:05:35,58.6900,115,2
2026-04-14,601318,14:05:38,58.7000,150,4
2026-04-14,601318,14:05:41,58.7000,23,2
2026-04-14,601318,14:05:44,58.7000,100,1
2026-04-14,601318,14:05:47,58.7000,5,2
2026-04-14,601318,14:05:50,58.7000,16,1
2026-04-14,601318,14:05:53,58.7000,14,2
2026-04-14,601318,14:05:56,58.7000,14,1
2026-04-14,601318,14:05:59,58.6900,11,2
2026-04-14,601318,14:06:02,58.7000,41,1
2026-04-14,601318,14:06:05,58.7000,25,1
2026-04-14,601318,14:06:08,58.7100,10,1
2026-04-14,601318,14:06:11,58.7100,2,1
2026-04-14,601318,14:06:15,58.7000,15,2
2026-04-14,601318,14:06:17,58.7100,7,1
2026-04-14,601318,14:06:20,58.7000,40,2
2026-04-14,601318,14:06:23,58.7000,32,2
2026-04-14,601318,14:06:26,58.7100,167,1
2026-04-14,601318,14:06:29,58.7200,93,1
2026-04-14,601318,14:06:32,58.7200,5,1
2026-04-14,601318,10:55:05,58.9300,122,2
2026-04-14,601318,10:55:08,58.9400,2,1
2026-04-14,601318,10:55:11,58.9500,71,1
2026-04-14,601318,10:55:14,58.9400,39,4
2026-04-14,601318,10:55:17,58.9500,26,1
2026-04-14,601318,10:55:20,58.9500,41,1
2026-04-14,601318,10:55:23,58.9500,26,1
2026-04-14,601318,10:55:26,58.9600,334,1
2026-04-14,601318,10:55:29,58.9700,3,2
2026-04-14,601318,10:55:32,58.9500,68,2
2026-04-14,601318,10:55:35,58.9700,9,1
2026-04-14,601318,10:55:38,58.9700,26,1
2026-04-14,601318,10:55:41,58.9700,11,2
2026-04-14,601318,10:55:44,58.9700,27,2
2026-04-14,601318,10:55:47,58.9700,29,2
2026-04-14,601318,10:55:51,58.9800,8,1
2026-04-14,601318,10:55:53,58.9800,49,1
2026-04-14,601318,10:55:56,58.9700,36,2
2026-04-14,601318,10:55:59,58.9700,41,2
2026-04-14,601318,10:56:02,58.9800,73,1
2026-04-14,601318,10:56:05,58.9800,88,2
2026-04-14,601318,10:56:08,58.9800,164,1
2026-04-14,601318,10:56:11,58.9800,248,1
2026-04-14,601318,10:56:14,58.9500,24,2
2026-04-14,601318,10:56:17,58.9600,4,4
2026-04-14,601318,10:56:20,58.9600,5,1
2026-04-14,601318,10:56:23,58.9600,13,1
2026-04-14,601318,10:56:26,58.9700,35,1
2026-04-14,601318,10:56:29,58.9600,112,2
2026-04-14,601318,10:56:32,58.9600,10,2
2026-04-14,601318,10:56:35,58.9600,21,2
2026-04-14,601318,10:56:38,58.9700,36,1
2026-04-14,601318,10:56:41,58.9600,98,2
2026-04-14,601318,10:56:44,58.9600,64,2
2026-04-14,601318,10:56:47,58.9700,17,1
2026-04-14,601318,10:56:50,58.9700,51,1
2026-04-14,601318,10:56:53,58.9600,18,2
2026-04-14,601318,10:56:56,58.9600,57,2
2026-04-14,601318,10:56:59,58.9600,5,1
2026-04-14,601318,10:57:02,58.9500,34,2
2026-04-14,601318,10:57:05,58.9400,140,2
2026-04-14,601318,10:57:08,58.9400,103,2
2026-04-14,601318,10:57:11,58.9200,115,2
2026-04-14,601318,10:57:14,58.9200,55,2
2026-04-14,601318,10:57:17,58.9100,4,2
2026-04-14,601318,10:57:20,58.9100,41,2
2026-04-14,601318,10:57:23,58.9000,148,2
2026-04-14,601318,10:57:26,58.9100,3,1
2026-04-14,601318,10:57:29,58.9000,24,2
2026-04-14,601318,10:57:32,58.9000,59,1
2026-04-14,601318,10:57:35,58.8900,367,2
2026-04-14,601318,10:57:38,58.8900,3,1
2026-04-14,601318,10:57:41,58.8800,82,2
2026-04-14,601318,10:57:44,58.8800,54,2
2026-04-14,601318,10:57:47,58.8900,4,1
2026-04-14,601318,10:57:50,58.8800,13,2
2026-04-14,601318,10:57:53,58.8800,116,2
2026-04-14,601318,10:57:56,58.8900,134,1
2026-04-14,601318,10:57:59,58.8900,32,2
2026-04-14,601318,10:58:02,58.8900,2,2
2026-04-14,601318,10:58:05,58.8900,59,2
2026-04-14,601318,10:58:08,58.8900,66,2
2026-04-14,601318,10:58:11,58.8900,15,2
2026-04-14,601318,10:58:14,58.8900,8,1
2026-04-14,601318,10:58:17,58.8800,42,2
2026-04-14,601318,10:58:20,58.8800,2,2
2026-04-14,601318,10:58:23,58.8900,27,1
2026-04-14,601318,10:58:26,58.8800,120,2
2026-04-14,601318,10:58:29,58.8800,10,2
2026-04-14,601318,10:58:32,58.9000,13,1
2026-04-14,601318,10:58:35,58.8800,32,2
2026-04-14,601318,10:58:38,58.8800,38,2
2026-04-14,601318,10:58:41,58.8800,77,2
2026-04-14,601318,10:58:44,58.8900,71,1
2026-04-14,601318,10:58:47,58.8800,8,1
2026-04-14,601318,10:58:51,58.8900,32,1
2026-04-14,601318,10:58:53,58.8800,3,4
2026-04-14,601318,10:58:56,58.8800,4,2
2026-04-14,601318,10:58:59,58.8800,13,2
2026-04-14,601318,10:59:02,58.8800,100,2
2026-04-14,601318,10:59:05,58.9000,68,1
2026-04-14,601318,10:59:08,58.8800,137,2
2026-04-14,601318,10:59:11,58.8800,29,1
2026-04-14,601318,10:59:14,58.8800,40,2
2026-04-14,601318,10:59:17,58.8900,44,2
2026-04-14,601318,10:59:20,58.8800,151,2
2026-04-14,601318,10:59:23,58.8900,34,4
2026-04-14,601318,10:59:26,58.8800,34,2
2026-04-14,601318,10:59:29,58.8800,5,1
2026-04-14,601318,10:59:32,58.8800,44,1
2026-04-14,601318,10:59:35,58.8700,108,2
2026-04-14,601318,10:59:38,58.8800,127,1
2026-04-14,601318,10:59:41,58.8700,119,2
2026-04-14,601318,10:59:44,58.8700,57,2
2026-04-14,601318,10:59:47,58.8800,33,2
2026-04-14,601318,10:59:50,58.8900,75,1
2026-04-14,601318,10:59:53,58.9000,23,1
2026-04-14,601318,10:59:56,58.9000,105,2
2026-04-14,601318,10:59:59,58.9000,76,2
2026-04-14,601318,11:00:02,58.9000,43,2
2026-04-14,601318,11:00:05,58.9000,201,2
2026-04-14,601318,11:00:08,58.9000,2,1
2026-04-14,601318,11:00:11,58.9000,10,1
2026-04-14,601318,11:00:17,58.8900,5,2
2026-04-14,601318,11:00:20,58.9000,11,1
2026-04-14,601318,11:00:23,58.9000,124,1
2026-04-14,601318,11:00:26,58.9200,45,1
2026-04-14,601318,11:00:29,58.9300,40,1
2026-04-14,601318,11:00:32,58.9400,91,1
2026-04-14,601318,11:00:35,58.9300,404,2
2026-04-14,601318,11:00:38,58.9300,112,1
2026-04-14,601318,11:00:41,58.9300,165,2
2026-04-14,601318,11:00:44,58.9200,95,2
2026-04-14,601318,11:00:47,58.9300,16,1
2026-04-14,601318,11:00:50,58.9400,109,1
2026-04-14,601318,11:00:53,58.9400,115,1
2026-04-14,601318,11:00:56,58.9400,291,2
2026-04-14,601318,11:00:59,58.9300,241,2
2026-04-14,601318,11:01:02,58.9400,13,1
2026-04-14,601318,11:01:05,58.9800,131,1
2026-04-14,601318,11:01:08,58.9800,243,1
2026-04-14,601318,11:01:11,58.9400,166,2
2026-04-14,601318,11:01:14,58.9400,15,2
2026-04-14,601318,11:01:17,58.9300,49,2
2026-04-14,601318,11:01:20,58.9500,12,1
2026-04-14,601318,11:01:23,58.9300,13,2
2026-04-14,601318,11:01:26,58.9200,426,2
2026-04-14,601318,11:01:29,58.9200,72,1
2026-04-14,601318,11:01:32,58.9100,7,1
2026-04-14,601318,11:01:35,58.9000,19,2
2026-04-14,601318,11:01:38,58.9100,12,1
2026-04-14,601318,11:01:41,58.9000,126,2
2026-04-14,601318,11:01:44,58.8900,52,2
2026-04-14,601318,11:01:47,58.9100,54,1
2026-04-14,601318,11:01:50,58.9200,17,1
2026-04-14,601318,11:01:53,58.9200,25,1
2026-04-14,601318,11:01:56,58.9300,71,1
2026-04-14,601318,11:01:59,58.9400,40,1
2026-04-14,601318,11:02:02,58.9100,102,2
2026-04-14,601318,11:02:05,58.9200,12,1
2026-04-14,601318,11:02:08,58.9100,118,2
2026-04-14,601318,11:02:11,58.9300,147,1
2026-04-14,601318,11:02:14,58.9500,141,1
2026-04-14,601318,11:02:17,58.9500,49,2
2026-04-14,601318,11:02:20,58.9100,55,2
2026-04-14,601318,11:02:23,58.9400,2,1
2026-04-14,601318,11:02:26,58.9200,245,4
2026-04-14,601318,11:02:29,58.9500,154,1
2026-04-14,601318,11:02:32,58.9300,4,2
2026-04-14,601318,11:02:35,58.9200,116,2
2026-04-14,601318,11:02:38,58.9500,34,1
2026-04-14,601318,11:02:41,58.9200,80,2
2026-04-14,601318,11:02:44,58.9200,61,2
2026-04-14,601318,11:02:47,58.9300,134,1
2026-04-14,601318,11:02:50,58.9200,66,1
2026-04-14,601318,11:02:53,58.9200,23,1
2026-04-14,601318,11:02:56,58.9200,60,2
2026-04-14,601318,11:02:59,58.9100,395,2
2026-04-14,601318,11:03:02,58.9000,127,4
2026-04-14,601318,11:03:05,58.9100,97,1
2026-04-14,601318,11:03:08,58.9000,49,2
2026-04-14,601318,11:03:11,58.9000,209,2
2026-04-14,601318,11:03:14,58.8900,111,2
2026-04-14,601318,11:03:17,58.8900,18,2
2026-04-14,601318,11:03:20,58.8900,209,2
2026-04-14,601318,11:03:23,58.8900,303,2
2026-04-14,601318,11:03:26,58.8900,48,2
2026-04-14,601318,11:03:29,58.9000,10,1
2026-04-14,601318,11:03:32,58.9100,25,1
2026-04-14,601318,11:03:35,58.8900,29,2
2026-04-14,601318,11:03:38,58.8800,45,2
2026-04-14,601318,11:03:41,58.8800,191,2
2026-04-14,601318,11:03:44,58.8800,3,1
2026-04-14,601318,11:03:47,58.8700,33,2
2026-04-14,601318,11:03:50,58.8700,37,2
2026-04-14,601318,11:03:53,58.8800,7,1
2026-04-14,601318,11:03:56,58.9000,21,1
2026-04-14,601318,11:03:59,58.8700,208,2
2026-04-14,601318,11:04:02,58.8700,39,2
2026-04-14,601318,11:04:05,58.9000,45,1
2026-04-14,601318,11:04:08,58.8800,109,1
2026-04-14,601318,11:04:11,58.8700,28,2
2026-04-14,601318,11:04:14,58.8800,83,4
2026-04-14,601318,11:04:17,58.8600,389,2
2026-04-14,601318,11:04:20,58.8700,22,1
2026-04-14,601318,11:04:23,58.8600,504,2
2026-04-14,601318,11:04:26,58.8500,62,1
2026-04-14,601318,11:04:29,58.8500,100,2
2026-04-14,601318,11:04:32,58.8400,45,4
2026-04-14,601318,11:04:35,58.8400,15,4
2026-04-14,601318,11:04:38,58.8400,12,1
2026-04-14,601318,11:04:41,58.8400,88,1
2026-04-14,601318,11:04:44,58.8300,20,2
2026-04-14,601318,11:04:47,58.8300,23,2
2026-04-14,601318,11:04:50,58.8300,9,2
2026-04-14,601318,11:04:53,58.8300,22,2
2026-04-14,601318,11:04:56,58.8300,80,2
2026-04-14,601318,11:04:59,58.8300,92,2
2026-04-14,601318,11:05:02,58.8400,272,1
2026-04-14,601318,11:05:05,58.8300,29,1
2026-04-14,601318,11:05:08,58.8200,31,2
2026-04-14,601318,11:05:11,58.8300,51,1
2026-04-14,601318,11:05:14,58.8300,13,1
2026-04-14,601318,11:05:17,58.8200,138,2
2026-04-14,601318,11:05:20,58.8200,79,2
2026-04-14,601318,11:05:23,58.8200,42,2
2026-04-14,601318,11:05:26,58.8300,55,1
2026-04-14,601318,11:05:29,58.8200,18,2
2026-04-14,601318,11:05:32,58.8200,12,2
2026-04-14,601318,11:05:35,58.8200,71,2
2026-04-14,601318,11:05:38,58.8200,155,2
2026-04-14,601318,11:05:41,58.8300,273,1
2026-04-14,601318,11:05:44,58.8200,134,2
2026-04-14,601318,11:05:47,58.8300,84,1
2026-04-14,601318,11:05:50,58.8200,67,2
2026-04-14,601318,11:05:53,58.8300,11,1
2026-04-14,601318,11:05:56,58.8200,10,2
2026-04-14,601318,11:05:59,58.8200,48,2
2026-04-14,601318,11:06:02,58.8200,6,2
2026-04-14,601318,11:06:05,58.8200,94,2
2026-04-14,601318,11:06:08,58.8200,45,2
2026-04-14,601318,11:06:11,58.8100,44,2
2026-04-14,601318,11:06:14,58.8100,2,2
2026-04-14,601318,11:06:17,58.8100,42,2
2026-04-14,601318,11:06:20,58.8100,191,2
2026-04-14,601318,11:06:23,58.8100,34,2
2026-04-14,601318,11:06:26,58.8200,121,1
2026-04-14,601318,11:06:29,58.8100,20,2
2026-04-14,601318,11:06:32,58.8100,3,2
2026-04-14,601318,11:06:35,58.8100,37,2
2026-04-14,601318,11:06:38,58.8100,92,2
2026-04-14,601318,11:06:41,58.8100,118,2
2026-04-14,601318,11:06:44,58.8100,331,2
2026-04-14,601318,11:06:47,58.8100,31,1
2026-04-14,601318,11:06:50,58.8000,18,2
2026-04-14,601318,11:06:53,58.8000,196,2
2026-04-14,601318,11:06:56,58.8000,26,2
2026-04-14,601318,11:06:59,58.8000,38,2
2026-04-14,601318,11:07:02,58.8000,74,2
2026-04-14,601318,11:07:05,58.8100,145,1
2026-04-14,601318,11:07:08,58.8000,112,2
2026-04-14,601318,11:07:11,58.8000,124,2
2026-04-14,601318,11:07:14,58.8000,352,2
2026-04-14,601318,11:07:17,58.8000,29,2
2026-04-14,601318,11:07:20,58.8000,107,2
2026-04-14,601318,11:07:23,58.8000,97,2
2026-04-14,601318,11:07:26,58.8000,123,2
2026-04-14,601318,11:07:29,58.8000,24,2
2026-04-14,601318,11:07:32,58.8000,240,2
2026-04-14,601318,11:07:35,58.7900,4,2
2026-04-14,601318,11:07:38,58.7900,179,2
2026-04-14,601318,11:07:41,58.7900,121,2
2026-04-14,601318,11:07:44,58.8000,131,1
2026-04-14,601318,11:07:47,58.7900,28,2
2026-04-14,601318,11:07:50,58.7900,50,2
2026-04-14,601318,11:07:53,58.8100,305,1
2026-04-14,601318,11:07:56,58.8200,84,1
2026-04-14,601318,11:07:59,58.8300,124,1
2026-04-14,601318,11:08:02,58.8200,114,2
2026-04-14,601318,11:08:05,58.8300,83,1
2026-04-14,601318,11:08:08,58.8300,19,2
2026-04-14,601318,11:08:11,58.8200,29,2
2026-04-14,601318,11:08:14,58.8200,4,2
2026-04-14,601318,11:08:17,58.8400,22,1
2026-04-14,601318,11:08:20,58.8300,6,1
2026-04-14,601318,11:08:23,58.8300,11,1
2026-04-14,601318,11:08:26,58.8300,10,1
2026-04-14,601318,11:08:29,58.8300,14,2
2026-04-14,601318,11:08:32,58.8400,22,1
2026-04-14,601318,11:08:35,58.8400,7,1
2026-04-14,601318,11:08:38,58.8300,132,2
2026-04-14,601318,11:08:41,58.8200,79,2
2026-04-14,601318,11:08:44,58.8300,32,1
2026-04-14,601318,11:08:47,58.8300,8,2
2026-04-14,601318,11:08:50,58.8400,78,1
2026-04-14,601318,11:08:53,58.8300,19,2
2026-04-14,601318,11:08:56,58.8200,115,2
2026-04-14,601318,11:08:59,58.8200,3,2
2026-04-14,601318,11:09:02,58.8200,36,2
2026-04-14,601318,11:09:05,58.8100,26,2
2026-04-14,601318,11:09:08,58.8100,72,2
2026-04-14,601318,11:09:11,58.8000,108,2
2026-04-14,601318,11:09:14,58.8000,5,2
2026-04-14,601318,11:09:17,58.8000,29,2
2026-04-14,601318,11:09:20,58.8000,39,2
2026-04-14,601318,11:09:23,58.8100,30,1
2026-04-14,601318,11:09:26,58.8100,75,1
2026-04-14,601318,11:09:29,58.8000,59,2
2026-04-14,601318,11:09:32,58.8100,11,1
2026-04-14,601318,11:09:35,58.8000,33,2
2026-04-14,601318,11:09:38,58.8100,169,1
2026-04-14,601318,11:09:41,58.7900,79,2
2026-04-14,601318,11:09:44,58.8000,29,1
2026-04-14,601318,11:09:47,58.7900,4,2
2026-04-14,601318,11:09:50,58.7900,33,2
2026-04-14,601318,11:09:53,58.7900,19,2
2026-04-14,601318,11:09:56,58.7900,10,2
2026-04-14,601318,11:09:59,58.7900,10,2
2026-04-14,601318,11:10:02,58.7900,29,2
2026-04-14,601318,11:10:05,58.7900,34,2
2026-04-14,601318,11:10:08,58.7900,106,2
2026-04-14,601318,11:10:11,58.7900,501,2
2026-04-14,601318,11:10:14,58.7900,32,1
2026-04-14,601318,11:10:17,58.7800,15,2
2026-04-14,601318,11:10:20,58.7900,6,1
2026-04-14,601318,11:10:23,58.7900,50,1
2026-04-14,601318,11:10:26,58.7900,20,1
2026-04-14,601318,11:10:29,58.7900,6,1
2026-04-14,601318,11:10:32,58.7800,14,2
2026-04-14,601318,11:10:35,58.7900,29,1
2026-04-14,601318,11:10:38,58.8000,148,1
2026-04-14,601318,11:10:41,58.8000,137,1
2026-04-14,601318,11:10:44,58.7900,63,2
2026-04-14,601318,11:10:47,58.7900,22,2
2026-04-14,601318,11:10:50,58.7900,22,2
2026-04-14,601318,11:10:53,58.7900,198,2
2026-04-14,601318,11:10:56,58.7900,4,2
2026-04-14,601318,11:10:59,58.7900,12,4
2026-04-14,601318,11:11:02,58.7900,30,1
2026-04-14,601318,11:11:05,58.8000,28,1
2026-04-14,601318,11:11:08,58.8000,112,1
2026-04-14,601318,11:11:11,58.8000,15,1
2026-04-14,601318,11:11:14,58.8000,1,2
2026-04-14,601318,11:11:17,58.8000,18,2
2026-04-14,601318,11:11:20,58.8000,16,2
2026-04-14,601318,11:11:23,58.8100,10,1
2026-04-14,601318,11:11:26,58.8100,23,2
2026-04-14,601318,11:11:29,58.8100,81,2
2026-04-14,601318,11:11:32,58.8200,56,1
2026-04-14,601318,11:11:35,58.8100,19,2
2026-04-14,601318,11:11:38,58.8200,11,1
2026-04-14,601318,11:11:41,58.8000,525,2
2026-04-14,601318,11:11:44,58.8000,33,1
2026-04-14,601318,11:11:47,58.8000,46,2
2026-04-14,601318,11:11:50,58.8000,3,2
2026-04-14,601318,11:11:53,58.8000,170,2
2026-04-14,601318,11:11:56,58.7900,40,2
2026-04-14,601318,11:11:59,58.7900,221,2
2026-04-14,601318,11:12:02,58.8000,247,1
2026-04-14,601318,11:12:05,58.7800,98,2
2026-04-14,601318,11:12:08,58.7800,38,2
2026-04-14,601318,11:12:11,58.7800,25,2
2026-04-14,601318,11:12:14,58.7800,65,2
2026-04-14,601318,11:12:17,58.7800,40,2
2026-04-14,601318,11:12:20,58.7900,22,1
2026-04-14,601318,11:12:23,58.7900,38,2
2026-04-14,601318,11:12:26,58.7900,56,2
2026-04-14,601318,11:12:29,58.7800,77,2
2026-04-14,601318,11:12:32,58.7800,20,2
2026-04-14,601318,11:12:35,58.7800,23,2
2026-04-14,601318,11:12:38,58.7800,54,2
2026-04-14,601318,11:12:41,58.7800,113,2
2026-04-14,601318,11:12:44,58.7800,45,2
2026-04-14,601318,11:12:47,58.7900,140,1
2026-04-14,601318,11:12:50,58.7800,39,2
2026-04-14,601318,11:12:53,58.7900,12,1
2026-04-14,601318,11:12:56,58.7900,91,1
2026-04-14,601318,11:12:59,58.7800,109,2
2026-04-14,601318,11:13:02,58.7900,38,1
2026-04-14,601318,11:13:05,58.7900,6,1
2026-04-14,601318,11:13:08,58.7900,8,1
2026-04-14,601318,11:13:11,58.7800,44,2
2026-04-14,601318,11:13:14,58.7800,3,2
2026-04-14,601318,11:13:17,58.7800,19,2
2026-04-14,601318,11:13:20,58.7900,17,1
2026-04-14,601318,11:13:23,58.7800,68,2
2026-04-14,601318,11:13:26,58.7800,14,2
2026-04-14,601318,11:13:29,58.7800,158,2
2026-04-14,601318,11:13:32,58.7800,24,2
2026-04-14,601318,11:13:35,58.7800,4,2
2026-04-14,601318,11:13:38,58.7900,33,1
2026-04-14,601318,11:13:41,58.7900,135,1
2026-04-14,601318,11:13:44,58.7900,49,2
2026-04-14,601318,11:13:47,58.7800,4,2
2026-04-14,601318,11:13:53,58.7800,9,2
2026-04-14,601318,11:13:56,58.7800,246,2
2026-04-14,601318,11:13:59,58.7800,29,1
2026-04-14,601318,11:14:02,58.7700,12,2
2026-04-14,601318,11:14:05,58.7700,34,2
2026-04-14,601318,11:14:08,58.7800,13,1
2026-04-14,601318,11:14:11,58.7800,88,1
2026-04-14,601318,11:14:14,58.7800,51,1
2026-04-14,601318,11:14:17,58.7900,133,1
2026-04-14,601318,11:14:20,58.7800,36,2
2026-04-14,601318,11:14:23,58.7800,153,2
2026-04-14,601318,11:14:26,58.7700,88,2
2026-04-14,601318,11:14:29,58.7900,49,1
2026-04-14,601318,11:14:32,58.7900,6,1
2026-04-14,601318,11:14:35,58.7900,125,1
2026-04-14,601318,11:14:38,58.7900,105,1
2026-04-14,601318,11:14:41,58.7900,56,2
2026-04-14,601318,11:14:44,58.8000,46,1
2026-04-14,601318,11:14:47,58.7900,4,2
2026-04-14,601318,11:14:50,58.7900,14,2
2026-04-14,601318,11:14:53,58.8000,170,1
2026-04-14,601318,11:14:56,58.7900,29,2
2026-04-14,601318,11:14:59,58.8000,42,1
2026-04-14,601318,11:15:02,58.7900,43,2
2026-04-14,601318,11:15:05,58.8000,13,1
2026-04-14,601318,11:15:08,58.8000,13,1
2026-04-14,601318,11:15:11,58.7900,145,2
2026-04-14,601318,11:15:14,58.8000,15,1
2026-04-14,601318,11:15:17,58.7900,22,2
2026-04-14,601318,11:15:20,58.7900,22,2
2026-04-14,601318,11:15:23,58.7900,34,2
2026-04-14,601318,11:15:26,58.8000,76,1
2026-04-14,601318,11:15:29,58.8000,118,1
2026-04-14,601318,11:15:32,58.7900,4,2
2026-04-14,601318,11:15:35,58.8000,13,1
2026-04-14,601318,11:15:38,58.8000,14,1
2026-04-14,601318,11:15:41,58.7900,145,2
2026-04-14,601318,11:15:44,58.8000,6,1
2026-04-14,601318,11:15:47,58.7900,220,2
2026-04-14,601318,11:15:50,58.7900,100,2
2026-04-14,601318,11:15:53,58.7900,303,1
2026-04-14,601318,11:15:56,58.7800,14,1
2026-04-14,601318,11:15:59,58.7800,26,2
2026-04-14,601318,11:16:02,58.7800,75,2
2026-04-14,601318,11:16:05,58.7800,20,2
2026-04-14,601318,11:16:08,58.7800,7,2
2026-04-14,601318,11:16:11,58.7900,13,1
2026-04-14,601318,11:16:15,58.7800,59,2
2026-04-14,601318,11:16:17,58.7900,80,1
2026-04-14,601318,11:16:20,58.7800,5,2
2026-04-14,601318,11:16:23,58.7800,23,2
2026-04-14,601318,11:16:26,58.7800,36,2
2026-04-14,601318,11:16:29,58.7800,54,1
2026-04-14,601318,11:16:32,58.7800,3,1
2026-04-14,601318,11:16:35,58.7800,10,1
2026-04-14,601318,11:16:38,58.7800,52,1
2026-04-14,601318,11:16:41,58.7700,49,2
2026-04-14,601318,11:16:44,58.7800,38,1
2026-04-14,601318,11:16:47,58.7800,35,2
2026-04-14,601318,11:16:50,58.7800,17,2
2026-04-14,601318,11:16:53,58.7800,1,2
2026-04-14,601318,11:16:56,58.7900,2,1
2026-04-14,601318,11:16:59,58.7800,11,2
2026-04-14,601318,11:17:02,58.8000,16,1
2026-04-14,601318,11:17:05,58.8000,80,1
2026-04-14,601318,11:17:08,58.8000,100,1
2026-04-14,601318,11:17:11,58.8000,7,1
2026-04-14,601318,11:17:14,58.8000,3,1
2026-04-14,601318,11:17:17,58.7900,10,2
2026-04-14,601318,11:17:20,58.8000,17,1
2026-04-14,601318,11:17:23,58.7900,27,2
2026-04-14,601318,11:17:26,58.8000,17,1
2026-04-14,601318,11:17:29,58.8000,2,1
2026-04-14,601318,11:17:32,58.8000,77,1
2026-04-14,601318,11:17:35,58.8100,135,1
2026-04-14,601318,11:17:38,58.8000,17,2
2026-04-14,601318,11:17:41,58.8000,90,2
2026-04-14,601318,11:17:44,58.8000,48,1
2026-04-14,601318,11:17:47,58.8100,10,1
2026-04-14,601318,11:17:51,58.8200,44,1
2026-04-14,601318,11:17:53,58.8300,70,1
2026-04-14,601318,11:17:56,58.8200,138,2
2026-04-14,601318,11:17:59,58.8300,3,2
2026-04-14,601318,11:18:02,58.8400,39,1
2026-04-14,601318,11:18:05,58.8300,18,2
2026-04-14,601318,11:18:08,58.8300,35,2
2026-04-14,601318,11:18:11,58.8400,24,4
2026-04-14,601318,11:18:14,58.8200,126,2
2026-04-14,601318,11:18:17,58.8200,12,2
2026-04-14,601318,11:18:20,58.8300,27,1
2026-04-14,601318,11:18:23,58.8200,2,2
2026-04-14,601318,11:18:26,58.8300,2,1
2026-04-14,601318,11:18:29,58.8300,1,1
2026-04-14,601318,11:18:32,58.8300,63,1
2026-04-14,601318,11:18:35,58.8300,18,1
2026-04-14,601318,11:18:38,58.8300,16,1
2026-04-14,601318,11:18:41,58.8200,35,2
2026-04-14,601318,11:18:44,58.8300,44,1
2026-04-14,601318,11:18:47,58.8400,28,1
2026-04-14,601318,11:18:50,58.8300,26,2
2026-04-14,601318,11:18:53,58.8400,30,1
2026-04-14,601318,11:18:56,58.8200,43,2
2026-04-14,601318,11:18:59,58.8300,10,1
2026-04-14,601318,11:19:02,58.8300,5,2
2026-04-14,601318,11:19:05,58.8300,50,2
2026-04-14,601318,11:19:08,58.8300,30,2
2026-04-14,601318,11:19:11,58.8300,10,1
2026-04-14,601318,11:19:14,58.8200,2,4
2026-04-14,601318,11:19:17,58.8100,1,2
2026-04-14,601318,11:19:20,58.8300,10,1
2026-04-14,601318,11:19:23,58.8200,26,1
2026-04-14,601318,11:19:26,58.8200,16,1
2026-04-14,601318,11:19:29,58.8200,6,1
2026-04-14,601318,11:19:32,58.8100,7,2
2026-04-14,601318,11:19:35,58.8100,1,2
2026-04-14,601318,11:19:38,58.8200,50,1
2026-04-14,601318,11:19:41,58.8200,48,2
