date,code,time,price,volume,bs
2026-03-25,600519,13:59:37,1406.2200,2,2
2026-03-25,600519,13:59:40,1406.2500,8,1
2026-03-25,600519,13:59:46,1406.3500,2,1
2026-03-25,600519,13:59:49,1406.3500,12,2
2026-03-25,600519,13:59:55,1406.5400,1,1
2026-03-25,600519,13:59:58,1406.5601,3,1
2026-03-25,600519,14:00:01,1406.5400,6,1
2026-03-25,600519,14:00:07,1406.5699,2,1
2026-03-25,600519,14:00:10,1406.6300,11,1
2026-03-25,600519,14:00:13,1406.8400,1,1
2026-03-25,600519,14:00:22,1406.8199,2,1
2026-03-25,600519,14:00:28,1406.8199,2,1
2026-03-25,600519,14:00:31,1406.8199,2,1
2026-03-25,600519,14:00:34,1406.6700,1,2
2026-03-25,600519,14:00:37,1406.8199,1,1
2026-03-25,600519,14:00:40,1406.6700,2,2
2026-03-25,600519,14:00:43,1406.8101,4,1
2026-03-25,600519,14:00:49,1406.7700,6,1
2026-03-25,600519,14:00:52,1406.8000,1,1
2026-03-25,600519,14:00:55,1406.6700,2,2
2026-03-25,600519,14:00:58,1406.7800,1,1
2026-03-25,600519,14:01:01,1406.8000,8,1
2026-03-25,600519,14:01:07,1406.7900,5,2
2026-03-25,600519,14:01:10,1406.7900,2,2
2026-03-25,600519,14:01:13,1406.7900,3,2
2026-03-25,600519,14:01:16,1406.7100,5,2
2026-03-25,600519,14:01:19,1406.5000,24,2
2026-03-25,600519,14:01:22,1406.5900,5,1
2026-03-25,600519,14:01:25,1406.6000,2,1
2026-03-25,600519,14:01:28,1406.4301,1,2
2026-03-25,600519,14:01:34,1406.4000,1,2
2026-03-25,600519,14:01:37,1406.4900,3,2
2026-03-25,600519,14:01:43,1406.5000,3,1
2026-03-25,600519,14:01:46,1406.5000,1,2
2026-03-25,600519,14:01:55,1406.5800,8,1
2026-03-25,600519,14:01:58,1406.6000,1,1
2026-03-25,600519,14:02:01,1406.5200,3,2
2026-03-25,600519,14:02:04,1406.5300,10,1
2026-03-25,600519,14:02:07,1406.5200,4,1
2026-03-25,600519,14:02:10,1406.5000,2,2
2026-03-25,600519,14:02:13,1406.4900,1,2
2026-03-25,600519,14:02:16,1406.4100,2,2
2026-03-25,600519,14:02:19,1406.2500,12,2
2026-03-25,600519,14:02:22,1406.2500,6,2
2026-03-25,600519,14:02:25,1406.2500,2,2
2026-03-25,600519,14:02:28,1406.2500,7,2
2026-03-25,600519,14:02:31,1406.2500,8,2
2026-03-25,600519,14:02:34,1406.2100,7,2
2026-03-25,600519,14:02:37,1406.2000,3,2
2026-03-25,600519,14:02:40,1406.1500,6,2
2026-03-25,600519,14:02:43,1406.1899,2,1
2026-03-25,600519,14:02:46,1406.1899,4,1
2026-03-25,600519,14:02:49,1406.1899,1,1
2026-03-25,600519,14:02:52,1406.2000,3,1
2026-03-25,600519,14:02:55,1406.1500,4,2
2026-03-25,600519,14:02:58,1406.1400,2,2
2026-03-25,600519,14:03:04,1406.1400,5,2
2026-03-25,600519,14:03:07,1406.1300,2,2
2026-03-25,600519,14:03:16,1406.1100,5,2
2026-03-25,600519,14:03:19,1406.0000,5,2
2026-03-25,600519,14:03:22,1406.0000,2,2
2026-03-25,600519,14:03:25,1406.0100,2,2
2026-03-25,600519,14:03:28,1406.0000,2,2
2026-03-25,600519,14:03:31,1405.9700,14,2
2026-03-25,600519,14:03:34,1405.9000,8,2
2026-03-25,600519,14:03:37,1405.8600,5,2
2026-03-25,600519,14:03:40,1405.6200,4,2
2026-03-25,600519,14:03:43,1405.6000,1,2
2026-03-25,600519,14:03:46,1405.6801,3,1
2026-03-25,600519,14:03:49,1405.6899,1,1
2026-03-25,600519,14:03:52,1405.5699,7,2
2026-03-25,600519,14:03:58,1405.5601,1,2
2026-03-25,600519,14:04:01,1405.6899,1,1
2026-03-25,600519,14:04:04,1405.6000,2,2
2026-03-25,600519,14:04:07,1405.5500,5,2
2026-03-25,600519,14:04:10,1405.5500,9,2
2026-03-25,600519,14:04:13,1405.5300,10,1
2026-03-25,600519,14:04:16,1405.5300,23,1
2026-03-25,600519,14:04:19,1405.2600,6,2
2026-03-25,600519,14:04:22,1405.2000,5,2
2026-03-25,600519,14:04:25,1405.1000,9,2
2026-03-25,600519,14:04:28,1405.5200,6,1
2026-03-25,600519,14:04:31,1405.0200,5,2
2026-03-25,600519,14:04:34,1405.0601,2,2
2026-03-25,600519,14:04:37,1405.0100,9,2
2026-03-25,600519,14:04:40,1405.0601,2,2
2026-03-25,600519,14:04:43,1405.1899,2,1
2026-03-25,600519,14:04:46,1405.0900,1,2
2026-03-25,600519,14:04:49,1405.4301,5,1
2026-03-25,600519,14:04:55,1405.0800,3,2
2026-03-25,600519,14:04:58,1405.4100,3,1
2026-03-25,600519,14:05:01,1405.0800,4,2
2026-03-25,600519,14:05:04,1405.1000,3,1
2026-03-25,600519,14:05:07,1405.0800,2,2
2026-03-25,600519,14:05:10,1405.1801,8,1
2026-03-25,600519,14:05:13,1405.6000,18,1
2026-03-25,600519,14:05:16,1405.9800,9,1
2026-03-25,600519,14:05:22,1405.1200,1,2
2026-03-25,600519,14:05:25,1405.5699,5,1
2026-03-25,600519,14:05:31,1405.5699,4,1
2026-03-25,600519,14:05:34,1405.5699,1,1
2026-03-25,600519,14:05:37,1405.5200,3,1
2026-03-25,600519,14:05:40,1405.5699,1,1
2026-03-25,600519,14:05:43,1405.1300,12,2
2026-03-25,600519,14:05:46,1406.0100,1,1
2026-03-25,600519,14:05:49,1405.1400,2,2
2026-03-25,600519,14:05:52,1406.0400,3,1
2026-03-25,600519,14:06:04,1405.9301,1,1
2026-03-25,600519,14:06:07,1405.9200,4,2
2026-03-25,600519,14:06:10,1405.1600,2,2
2026-03-25,600519,14:06:16,1405.9301,3,1
2026-03-25,600519,14:06:19,1405.9301,3,2
2026-03-25,600519,14:06:22,1405.9301,4,2
2026-03-25,600519,14:06:25,1405.9200,1,1
2026-03-25,600519,14:06:28,1405.3000,1,2
2026-03-25,600519,14:06:31,1405.2100,2,2
2026-03-25,600519,14:06:34,1405.2100,6,2
2026-03-25,600519,14:06:37,1405.1600,3,2
2026-03-25,600519,14:06:40,1405.1300,1,2
2026-03-25,600519,14:06:43,1405.1500,6,2
2026-03-25,600519,14:06:46,1405.1801,5,1
2026-03-25,600519,14:06:49,1405.1801,5,2
2026-03-25,600519,14:06:52,1405.1801,1,1
2026-03-25,600519,14:06:55,1405.1300,3,2
2026-03-25,600519,14:06:58,1405.1899,6,1
2026-03-25,600519,14:07:04,1405.1899,1,2
2026-03-25,600519,14:07:07,1405.2000,5,1
2026-03-25,600519,14:07:10,1405.2000,2,1
2026-03-25,600519,14:07:19,1405.2000,3,2
2026-03-25,600519,14:07:25,1405.2300,3,2
2026-03-25,600519,14:07:28,1405.2000,3,2
2026-03-25,600519,14:07:31,1405.2200,4,1
2026-03-25,600519,14:07:34,1405.2100,2,1
2026-03-25,600519,14:07:37,1405.1899,1,2
2026-03-25,600519,14:07:40,1405.1899,3,2
2026-03-25,600519,14:07:43,1405.1899,2,2
2026-03-25,600519,14:07:46,1405.2100,2,1
2026-03-25,600519,14:07:52,1405.2100,3,1
2026-03-25,600519,14:07:55,1405.2100,1,1
2026-03-25,600519,14:07:58,1405.2000,6,2
2026-03-25,600519,14:08:01,1405.2100,3,1
2026-03-25,600519,14:08:04,1405.2200,3,1
2026-03-25,600519,14:08:07,1405.2200,2,1
2026-03-25,600519,14:08:10,1405.2300,2,1
2026-03-25,600519,14:08:19,1405.2400,13,1
2026-03-25,600519,14:08:22,1405.2600,7,1
2026-03-25,600519,14:08:28,1405.3300,1,1
2026-03-25,600519,14:08:31,1405.3199,2,1
2026-03-25,600519,14:08:34,1405.3300,1,1
2026-03-25,600519,14:08:37,1405.3199,1,2
2026-03-25,600519,14:08:43,1405.3400,4,1
2026-03-25,600519,14:08:46,1405.3500,5,1
2026-03-25,600519,14:08:49,1405.3500,1,1
2026-03-25,600519,14:08:52,1405.4301,2,1
2026-03-25,600519,14:09:01,1405.4000,1,2
2026-03-25,600519,14:09:07,1405.4301,1,2
2026-03-25,600519,14:09:10,1405.4500,2,2
2026-03-25,600519,14:09:13,1405.4100,4,2
2026-03-25,600519,14:09:16,1405.4000,8,2
2026-03-25,600519,14:09:19,1405.4900,7,1
2026-03-25,600519,14:09:22,1405.4000,3,1
2026-03-25,600519,14:09:25,1405.3900,3,1
2026-03-25,600519,14:09:28,1405.4000,2,1
2026-03-25,600519,14:09:31,1405.3800,1,2
2026-03-25,600519,14:09:34,1405.4000,2,1
2026-03-25,600519,14:09:37,1405.4000,1,2
2026-03-25,600519,14:09:40,1405.4000,1,1
2026-03-25,600519,14:09:49,1405.4800,8,1
2026-03-25,600519,14:09:52,1405.4900,3,1
2026-03-25,600519,14:09:55,1405.4800,4,2
2026-03-25,600519,14:09:58,1405.4900,4,1
2026-03-25,600519,14:10:01,1405.4900,2,1
2026-03-25,600519,14:10:04,1405.5100,3,1
2026-03-25,600519,14:10:07,1405.5100,3,1
2026-03-25,600519,14:10:10,1405.5100,1,1
2026-03-25,600519,14:10:13,1406.4200,33,1
2026-03-25,600519,14:10:16,1406.5300,5,1
2026-03-25,600519,14:10:19,1406.5300,1,1
2026-03-25,600519,14:10:22,1405.7400,1,2
2026-03-25,600519,14:10:25,1405.5300,1,1
2026-03-25,600519,14:10:28,1405.5200,2,2
2026-03-25,600519,14:10:31,1406.4399,3,1
2026-03-25,600519,14:10:34,1406.4399,1,1
2026-03-25,600519,14:10:40,1406.4399,1,1
2026-03-25,600519,14:10:43,1406.4399,7,1
2026-03-25,600519,14:10:46,1405.6100,1,2
2026-03-25,600519,14:10:52,1406.4301,5,1
2026-03-25,600519,14:10:58,1406.4399,3,1
2026-03-25,600519,14:11:01,1406.4301,1,2
2026-03-25,600519,14:11:04,1406.4301,1,1
2026-03-25,600519,14:11:07,1405.5699,8,2
2026-03-25,600519,14:11:10,1405.5699,2,2
2026-03-25,600519,14:11:16,1406.3800,2,1
2026-03-25,600519,14:11:19,1406.4000,2,1
2026-03-25,600519,14:11:22,1405.6100,3,2
2026-03-25,600519,14:11:25,1406.3600,1,1
2026-03-25,600519,14:11:28,1406.3800,1,1
2026-03-25,600519,14:11:31,1406.4000,2,1
2026-03-25,600519,14:11:37,1406.4000,1,1
2026-03-25,600519,14:11:40,1405.6500,9,2
2026-03-25,600519,14:11:49,1406.5100,3,1
2026-03-25,600519,14:11:52,1405.7100,2,2
2026-03-25,600519,14:11:58,1406.4800,1,1
2026-03-25,600519,14:12:04,1406.1100,3,1
2026-03-25,600519,14:12:07,1406.2100,6,1
2026-03-25,600519,14:12:10,1405.7700,1,2
2026-03-25,600519,14:12:13,1405.7700,2,2
2026-03-25,600519,14:12:16,1405.7700,3,1
2026-03-25,600519,14:12:19,1405.8500,1,1
2026-03-25,600519,14:12:22,1405.8500,1,1
2026-03-25,600519,14:12:28,1405.7800,1,2
2026-03-25,600519,14:12:31,1405.8300,1,1
2026-03-25,600519,14:12:34,1405.7800,2,2
2026-03-25,600519,14:12:37,1405.7900,3,4
2026-03-25,600519,14:12:43,1405.8500,5,1
2026-03-25,600519,14:12:46,1405.8700,2,1
2026-03-25,600519,14:12:49,1405.8000,1,2
2026-03-25,600519,14:12:55,1405.9301,1,1
2026-03-25,600519,14:12:58,1405.9301,3,1
2026-03-25,600519,14:13:04,1405.9399,8,1
2026-03-25,600519,14:13:07,1405.8700,11,1
2026-03-25,600519,14:13:10,1405.9301,1,2
2026-03-25,600519,14:13:16,1406.4800,6,1
2026-03-25,600519,14:13:19,1406.4900,23,1
2026-03-25,600519,14:13:34,1405.9100,6,2
2026-03-25,600519,14:13:37,1405.9100,1,2
2026-03-25,600519,14:13:40,1405.9000,3,2
2026-03-25,600519,14:13:43,1405.9000,1,2
2026-03-25,600519,14:13:49,1405.9000,2,2
2026-03-25,600519,14:13:52,1405.9100,7,2
2026-03-25,600519,14:13:55,1406.1700,2,1
2026-03-25,600519,14:13:58,1405.8500,1,2
2026-03-25,600519,14:14:01,1406.0699,2,1
2026-03-25,600519,14:14:07,1405.8600,1,2
2026-03-25,600519,14:14:10,1405.8600,1,2
2026-03-25,600519,14:14:13,1405.8400,7,2
2026-03-25,600519,14:14:16,1405.8199,3,2
2026-03-25,600519,14:14:22,1406.1600,17,1
2026-03-25,600519,14:14:25,1406.1700,3,1
2026-03-25,600519,14:14:28,1405.8600,1,2
2026-03-25,600519,14:14:31,1405.8199,1,2
2026-03-25,600519,14:14:34,1405.8199,1,2
2026-03-25,600519,14:14:43,1406.1400,1,1
2026-03-25,600519,14:14:46,1405.8199,2,2
2026-03-25,600519,14:14:49,1405.8101,6,2
2026-03-25,600519,14:14:52,1406.2500,2,1
2026-03-25,600519,14:14:55,1406.0100,2,2
2026-03-25,600519,14:15:04,1406.4700,3,1
2026-03-25,600519,14:15:13,1406.4600,1,1
2026-03-25,600519,14:15:19,1406.4800,14,1
2026-03-25,600519,14:15:22,1406.6600,20,1
2026-03-25,600519,14:15:25,1406.6801,5,1
2026-03-25,600519,14:15:28,1406.7700,2,1
2026-03-25,600519,14:15:31,1406.7700,3,1
2026-03-25,600519,14:15:34,1406.7700,3,1
2026-03-25,600519,14:15:37,1406.7600,1,1
2026-03-25,600519,14:15:40,1406.4700,3,2
2026-03-25,600519,14:15:43,1406.4700,5,1
2026-03-25,600519,14:15:46,1406.4600,1,1
2026-03-25,600519,14:15:52,1406.0200,1,2
2026-03-25,600519,14:15:58,1406.0200,1,2
2026-03-25,600519,14:16:01,1406.4000,1,1
2026-03-25,600519,14:16:10,1406.4399,1,1
2026-03-25,600519,14:16:13,1406.4399,3,1
2026-03-25,600519,14:16:19,1406.4399,3,1
2026-03-25,600519,14:16:22,1406.4500,6,1
2026-03-25,600519,14:16:25,1406.4399,1,2
2026-03-25,600519,14:16:28,1406.4500,3,1
2026-03-25,600519,14:16:31,1406.4500,3,1
2026-03-25,600519,14:16:37,1406.4500,3,1
2026-03-25,600519,14:16:40,1406.4399,3,2
2026-03-25,600519,14:16:46,1406.4600,3,1
2026-03-25,600519,14:16:49,1406.4600,2,1
2026-03-25,600519,14:16:52,1406.5400,6,1
2026-03-25,600519,14:16:55,1406.4399,7,2
2026-03-25,600519,14:16:58,1406.4700,1,2
2026-03-25,600519,14:17:01,1406.5000,1,1
2026-03-25,600519,14:17:04,1406.5699,4,1
2026-03-25,600519,14:17:07,1406.4500,1,2
2026-03-25,600519,14:17:10,1406.6500,2,1
2026-03-25,600519,14:17:13,1406.6300,2,1
2026-03-25,600519,14:17:16,1406.6300,1,1
2026-03-25,600519,14:17:19,1406.6500,2,1
2026-03-25,600519,14:17:22,1406.6400,1,2
2026-03-25,600519,14:17:25,1406.4399,1,2
2026-03-25,600519,14:17:28,1406.4000,3,2
2026-03-25,600519,14:17:31,1406.4000,1,2
2026-03-25,600519,14:17:34,1406.4399,1,1
2026-03-25,600519,14:17:40,1406.3000,2,2
2026-03-25,600519,14:17:43,1406.4399,23,1
2026-03-25,600519,14:17:46,1406.4000,1,2
2026-03-25,600519,14:17:49,1406.5400,2,1
2026-03-25,600519,14:17:52,1406.5000,7,2
2026-03-25,600519,14:17:55,1406.5000,2,1
2026-03-25,600519,14:17:58,1406.4100,2,2
2026-03-25,600519,14:18:01,1406.4600,2,1
2026-03-25,600519,14:18:04,1406.5100,1,1
2026-03-25,600519,14:18:07,1406.5100,3,1
2026-03-25,600519,14:18:10,1406.4900,11,1
2026-03-25,600519,14:18:13,1406.5100,1,2
2026-03-25,600519,14:18:19,1406.5000,1,1
2026-03-25,600519,14:18:22,1406.6600,7,1
2026-03-25,600519,14:18:25,1406.7200,4,1
2026-03-25,600519,14:18:31,1406.6600,3,2
2026-03-25,600519,14:18:34,1406.6600,4,1
2026-03-25,600519,14:18:37,1406.6600,1,1
2026-03-25,600519,14:18:43,1406.4900,1,2
2026-03-25,600519,14:18:46,1406.6400,2,1
2026-03-25,600519,14:18:49,1406.5601,1,1
2026-03-25,600519,14:18:52,1406.6400,3,1
2026-03-25,600519,14:18:55,1406.6400,2,1
2026-03-25,600519,14:18:58,1406.5000,1,2
2026-03-25,600519,14:19:01,1406.6500,1,1
2026-03-25,600519,14:19:04,1406.7200,22,1
2026-03-25,600519,14:19:07,1406.5800,4,2
2026-03-25,600519,14:19:10,1406.7600,1,1
2026-03-25,600519,14:19:13,1406.6400,1,2
2026-03-25,600519,14:19:19,1406.7500,2,1
2026-03-25,600519,14:19:22,1406.7600,4,1
2026-03-25,600519,14:19:25,1406.7500,1,1
2026-03-25,600519,14:19:28,1406.7500,2,1
2026-03-25,600519,14:19:37,1406.7400,1,1
2026-03-25,600519,14:19:40,1406.7300,2,1
2026-03-25,600519,14:19:43,1406.7300,2,1
2026-03-25,600519,14:19:46,1406.6500,1,2
2026-03-25,600519,14:19:49,1406.6500,3,2
2026-03-25,600519,14:19:52,1406.5800,8,2
2026-03-25,600519,14:19:55,1406.5500,17,2
2026-03-25,600519,14:19:58,1406.4800,1,2
2026-03-25,600519,14:20:01,1406.5500,1,1
2026-03-25,600519,14:20:04,1406.4500,2,2
2026-03-25,600519,14:20:07,1406.5699,2,1
2026-03-25,600519,14:20:10,1406.5800,9,1
2026-03-25,600519,14:20:13,1406.6100,4,4
2026-03-25,600519,14:20:16,1406.5800,10,2
2026-03-25,600519,14:20:19,1406.5800,1,2
2026-03-25,600519,14:20:22,1406.4200,9,2
2026-03-25,600519,14:20:25,1406.5699,2,2
2026-03-25,600519,14:20:31,1406.5500,1,1
2026-03-25,600519,14:20:40,1406.4900,17,1
2026-03-25,600519,14:20:43,1406.4900,4,1
2026-03-25,600519,14:20:46,1406.4900,1,1
2026-03-25,600519,14:20:49,1406.4600,3,1
2026-03-25,600519,14:20:52,1406.4500,12,2
2026-03-25,600519,14:20:55,1406.4500,6,1
2026-03-25,600519,14:20:58,1406.4000,6,2
2026-03-25,600519,14:21:01,1406.3900,5,2
2026-03-25,600519,14:21:04,1406.3600,1,2
2026-03-25,600519,14:21:07,1406.4100,1,1
2026-03-25,600519,14:21:10,1406.4500,9,1
2026-03-25,600519,14:21:13,1406.4700,21,1
2026-03-25,600519,14:21:16,1406.4500,7,2
2026-03-25,600519,14:21:19,1406.4600,1,2
2026-03-25,600519,14:21:28,1406.4500,2,2
2026-03-25,600519,14:21:31,1406.4500,4,2
2026-03-25,600519,14:21:34,1406.3500,1,2
2026-03-25,600519,14:21:40,1406.3500,1,2
2026-03-25,600519,14:21:46,1406.3300,3,2
2026-03-25,600519,14:21:49,1406.3199,2,4
2026-03-25,600519,14:21:52,1406.3199,1,1
2026-03-25,600519,14:21:55,1406.3000,9,2
2026-03-25,600519,14:21:58,1406.2900,4,4
2026-03-25,600519,14:22:01,1406.3500,5,1
2026-03-25,600519,14:22:04,1406.2600,1,2
2026-03-25,600519,14:22:13,1406.2600,2,2
2026-03-25,600519,14:22:16,1406.3199,4,1
2026-03-25,600519,14:22:25,1406.3000,1,1
2026-03-25,600519,14:22:28,1406.3101,10,1
2026-03-25,600519,14:22:31,1406.2500,4,2
2026-03-25,600519,14:22:34,1406.3199,1,1
2026-03-25,600519,14:22:40,1406.3101,1,1
2026-03-25,600519,14:22:43,1406.2900,3,2
2026-03-25,600519,14:22:46,1406.3199,1,1
2026-03-25,600519,14:22:49,1406.3000,4,1
2026-03-25,600519,14:22:52,1406.0500,10,2
2026-03-25,600519,14:22:55,1406.0000,26,2
2026-03-25,600519,14:22:58,1405.8700,4,2
2026-03-25,600519,14:23:01,1405.8000,2,2
2026-03-25,600519,14:23:04,1405.8101,1,4
2026-03-25,600519,14:23:07,1405.7700,10,2
2026-03-25,600519,14:23:10,1405.7700,8,2
2026-03-25,600519,14:23:13,1405.7300,5,2
2026-03-25,600519,14:23:16,1405.7300,4,1
2026-03-25,600519,14:23:19,1405.7400,3,1
2026-03-25,600519,14:23:22,1405.7300,6,2
2026-03-25,600519,14:23:25,1405.7400,2,2
2026-03-25,600519,14:23:28,1405.7600,3,1
2026-03-25,600519,14:23:31,1405.7700,1,1
2026-03-25,600519,14:23:34,1405.7700,4,1
2026-03-25,600519,14:23:46,1405.7700,5,2
2026-03-25,600519,14:23:52,1405.7700,12,2
2026-03-25,600519,14:23:55,1405.7700,2,2
2026-03-25,600519,14:23:58,1405.7800,2,2
2026-03-25,600519,14:24:01,1405.7800,3,2
2026-03-25,600519,14:24:04,1405.7800,6,2
2026-03-25,600519,14:24:07,1405.7700,4,2
2026-03-25,600519,14:24:10,1405.6500,25,2
2026-03-25,600519,14:24:13,1405.6400,2,2
2026-03-25,600519,14:24:16,1405.6200,2,2
2026-03-25,600519,14:24:19,1405.6200,11,1
2026-03-25,600519,14:24:22,1405.6100,3,4
2026-03-25,600519,14:24:28,1405.6100,2,2
2026-03-25,600519,14:24:34,1405.6100,2,1
2026-03-25,600519,14:24:40,1405.6000,3,2
2026-03-25,600519,14:24:43,1405.6100,14,1
2026-03-25,600519,14:24:46,1405.6000,2,2
2026-03-25,600519,14:24:49,1405.6100,6,1
2026-03-25,600519,14:24:52,1405.6100,7,1
2026-03-25,600519,14:24:55,1405.6100,1,2
2026-03-25,600519,14:24:58,1405.6000,2,2
2026-03-25,600519,14:25:01,1405.6100,3,1
2026-03-25,600519,14:25:04,1405.6100,3,1
2026-03-25,600519,14:25:07,1405.6100,3,2
2026-03-25,600519,14:25:10,1405.6200,2,1
2026-03-25,600519,14:25:13,1405.6200,1,2
2026-03-25,600519,14:25:16,1405.6100,7,2
2026-03-25,600519,14:25:19,1405.6300,13,1
2026-03-25,600519,14:25:22,1405.6300,2,2
2026-03-25,600519,14:25:28,1405.6400,3,4
2026-03-25,600519,14:25:31,1405.6200,4,2
2026-03-25,600519,14:25:34,1405.6300,4,1
2026-03-25,600519,14:25:37,1405.6400,2,1
2026-03-25,600519,14:25:40,1405.6000,4,2
2026-03-25,600519,14:25:43,1405.6000,4,2
2026-03-25,600519,14:25:46,1405.6100,4,2
2026-03-25,600519,14:25:49,1405.6400,2,1
2026-03-25,600519,14:25:55,1405.6100,3,2
2026-03-25,600519,14:25:58,1405.6000,4,2
2026-03-25,600519,14:26:01,1405.6100,5,4
2026-03-25,600519,14:26:04,1405.6100,2,1
2026-03-25,600519,14:26:07,1405.6000,9,2
2026-03-25,600519,14:26:10,1405.6100,5,1
2026-03-25,600519,14:26:13,1405.5800,2,2
2026-03-25,600519,14:26:16,1405.5500,9,2
2026-03-25,600519,14:26:19,1405.5601,4,1
2026-03-25,600519,14:26:22,1405.5500,4,1
2026-03-25,600519,14:26:25,1405.5300,3,2
2026-03-25,600519,14:26:28,1405.5601,10,1
2026-03-25,600519,14:26:31,1405.5601,6,1
2026-03-25,600519,14:26:34,1405.5500,2,2
2026-03-25,600519,14:26:37,1405.5500,11,1
2026-03-25,600519,14:26:40,1405.5200,2,2
2026-03-25,600519,14:26:43,1405.5300,2,2
2026-03-25,600519,14:26:46,1405.5500,1,1
2026-03-25,600519,14:26:52,1405.5500,3,1
2026-03-25,600519,14:26:55,1405.5300,1,2
2026-03-25,600519,14:27:01,1405.5100,5,2
2026-03-25,600519,14:27:04,1405.5400,1,1
2026-03-25,600519,14:27:07,1405.5000,5,2
2026-03-25,600519,14:27:10,1405.5300,4,1
2026-03-25,600519,14:27:16,1405.5200,3,1
2026-03-25,600519,14:27:19,1405.5000,1,2
2026-03-25,600519,14:27:22,1405.5100,3,4
2026-03-25,600519,14:27:31,1405.5000,6,2
2026-03-25,600519,14:27:34,1405.5100,2,4
2026-03-25,600519,14:27:37,1405.5000,9,2
2026-03-25,600519,14:27:40,1405.5100,3,1
2026-03-25,600519,14:27:43,1405.5000,3,2
2026-03-25,600519,14:27:46,1405.5100,9,1
2026-03-25,600519,14:27:49,1405.5200,4,1
2026-03-25,600519,14:27:52,1405.5000,10,2
2026-03-25,600519,14:27:55,1405.5000,2,2
2026-03-25,600519,14:28:04,1405.5200,1,1
2026-03-25,600519,14:28:07,1405.5100,3,2
2026-03-25,600519,14:28:10,1405.5100,1,2
2026-03-25,600519,14:28:13,1405.5000,7,2
2026-03-25,600519,14:28:16,1405.5000,1,2
2026-03-25,600519,14:28:19,1405.5100,3,1
2026-03-25,600519,14:28:22,1405.5100,3,1
2026-03-25,600519,14:28:25,1405.5100,2,1
2026-03-25,600519,14:28:28,1405.5200,11,1
2026-03-25,600519,14:28:34,1405.5300,3,1
2026-03-25,600519,14:28:37,1405.5300,3,1
2026-03-25,600519,14:28:40,1405.4900,25,2
2026-03-25,600519,14:28:43,1405.5100,46,1
2026-03-25,600519,14:28:46,1405.4900,2,2
2026-03-25,600519,14:28:49,1405.4900,2,2
2026-03-25,600519,14:28:55,1405.4900,4,2
2026-03-25,600519,14:28:58,1405.4900,12,2
2026-03-25,600519,14:29:01,1405.4301,4,2
2026-03-25,600519,14:29:04,1405.4301,4,2
2026-03-25,600519,14:29:10,1405.4900,1,1
2026-03-25,600519,14:29:13,1405.4200,0,1
2026-03-25,600519,14:29:16,1405.4900,2,1
2026-03-25,600519,14:29:22,1405.4800,5,1
2026-03-25,600519,14:29:25,1405.4000,4,2
2026-03-25,600519,14:29:31,1405.4000,6,2
2026-03-25,600519,14:29:34,1405.4000,2,1
2026-03-25,600519,14:29:37,1405.3900,4,2
2026-03-25,600519,14:29:40,1405.3700,3,2
2026-03-25,600519,14:29:43,1405.3900,4,1
2026-03-25,600519,14:29:46,1405.3500,1,2
2026-03-25,600519,14:29:49,1405.3300,1,2
2026-03-25,600519,14:29:52,1405.3500,1,1
2026-03-25,600519,14:29:55,1405.3000,3,2
2026-03-25,600519,14:29:58,1405.3101,1,2
2026-03-25,600519,14:30:01,1405.2900,1,2
2026-03-25,600519,14:30:04,1405.2900,6,2
2026-03-25,600519,14:30:07,1405.3000,3,4
2026-03-25,600519,14:30:10,1405.4000,17,1
2026-03-25,600519,14:30:13,1405.4100,28,1
2026-03-25,600519,14:30:16,1405.3199,8,2
2026-03-25,600519,14:30:19,1405.3300,1,2
2026-03-25,600519,14:30:25,1405.9000,1,1
2026-03-25,600519,14:30:31,1405.9200,4,1
2026-03-25,600519,14:30:34,1405.7200,1,1
2026-03-25,600519,14:30:37,1405.9200,4,1
2026-03-25,600519,14:30:43,1405.5000,1,2
2026-03-25,600519,14:30:46,1405.8900,3,1
2026-03-25,600519,14:30:49,1405.8900,4,1
2026-03-25,600519,14:31:01,1405.8400,1,1
2026-03-25,600519,14:31:04,1405.8101,3,1
2026-03-25,600519,14:31:07,1405.8101,2,1
2026-03-25,600519,14:31:10,1405.8000,3,1
2026-03-25,600519,14:31:13,1405.7800,2,1
2026-03-25,600519,14:31:16,1405.7800,4,2
2026-03-25,600519,14:31:19,1405.7800,7,1
2026-03-25,600519,14:31:22,1405.7700,4,1
2026-03-25,600519,14:31:28,1405.7400,1,1
2026-03-25,600519,14:31:31,1405.6000,6,2
2026-03-25,600519,14:31:37,1405.7300,1,1
2026-03-25,600519,14:31:43,1405.7000,1,2
2026-03-25,600519,14:31:46,1405.7500,10,1
2026-03-25,600519,14:31:49,1405.6200,1,2
2026-03-25,600519,14:31:55,1405.7700,6,1
2026-03-25,600519,14:31:58,1405.7300,1,2
2026-03-25,600519,14:32:04,1405.7300,12,2
2026-03-25,600519,14:32:07,1405.7100,4,2
2026-03-25,600519,14:32:10,1405.7100,2,2
2026-03-25,600519,14:32:13,1405.7100,8,2
2026-03-25,600519,14:32:16,1405.7200,7,1
2026-03-25,600519,14:32:19,1405.7300,4,1
2026-03-25,600519,14:32:22,1405.7100,3,2
2026-03-25,600519,14:32:25,1405.7200,2,1
2026-03-25,600519,14:32:28,1405.7000,4,1
2026-03-25,600519,14:32:31,1405.6300,2,2
2026-03-25,600519,14:32:34,1405.6801,7,1
2026-03-25,600519,14:32:37,1405.6100,5,2
2026-03-25,600519,14:32:40,1405.6000,4,2
2026-03-25,600519,14:32:43,1405.6100,7,1
2026-03-25,600519,14:32:46,1405.6100,4,1
2026-03-25,600519,14:32:49,1405.6100,4,1
2026-03-25,600519,14:32:52,1405.6100,6,1
2026-03-25,600519,14:32:55,1405.6100,5,1
2026-03-25,600519,14:32:58,1405.6000,3,2
2026-03-25,600519,14:33:01,1405.6000,10,2
2026-03-25,600519,14:33:04,1405.6400,6,1
2026-03-25,600519,14:33:07,1405.6500,2,1
2026-03-25,600519,14:33:10,1405.6500,11,1
2026-03-25,600519,14:33:13,1405.6100,7,2
2026-03-25,600519,14:33:16,1405.7100,8,1
2026-03-25,600519,14:33:22,1405.6000,3,2
2026-03-25,600519,14:33:25,1405.5900,1,2
2026-03-25,600519,14:33:28,1405.7300,1,1
2026-03-25,600519,14:33:31,1405.7000,7,1
2026-03-25,600519,14:33:34,1405.6500,2,2
2026-03-25,600519,14:33:37,1405.7200,1,1
2026-03-25,600519,14:33:49,1405.7100,6,1
2026-03-25,600519,14:33:52,1405.7000,3,1
2026-03-25,600519,14:33:55,1405.6600,10,2
2026-03-25,600519,14:33:58,1405.9200,34,1
2026-03-25,600519,14:34:01,1405.8000,13,2
2026-03-25,600519,14:34:04,1405.7800,1,2
2026-03-25,600519,14:34:07,1405.7800,4,2
2026-03-25,600519,14:34:10,1405.7800,2,2
2026-03-25,600519,14:34:13,1405.7800,7,1
2026-03-25,600519,14:34:16,1406.1000,11,1
2026-03-25,600519,14:34:19,1406.2000,4,1
2026-03-25,600519,14:34:22,1405.7600,2,2
2026-03-25,600519,14:34:25,1405.7800,2,2
2026-03-25,600519,14:34:28,1405.9100,4,2
2026-03-25,600519,14:34:31,1406.0000,1,2
2026-03-25,600519,14:34:34,1406.0000,1,1
2026-03-25,600519,14:34:40,1406.1801,4,1
2026-03-25,600519,14:34:43,1406.0300,2,2
2026-03-25,600519,14:34:46,1406.0000,2,2
2026-03-25,600519,14:34:49,1405.9600,2,2
2026-03-25,600519,14:34:52,1405.7700,7,2
2026-03-25,600519,14:34:55,1405.9700,2,2
2026-03-25,600519,14:34:58,1405.9700,5,1
2026-03-25,600519,14:35:01,1405.7700,8,2
2026-03-25,600519,14:35:04,1405.7700,4,2
2026-03-25,600519,14:35:07,1405.9000,5,1
2026-03-25,600519,14:35:10,1406.1500,4,1
2026-03-25,600519,14:35:13,1406.1200,2,1
2026-03-25,600519,14:35:16,1406.1500,2,1
2026-03-25,600519,14:35:19,1406.1801,6,1
2026-03-25,600519,14:35:22,1406.1899,10,1
2026-03-25,600519,14:35:28,1406.2000,2,2
2026-03-25,600519,14:35:31,1406.2000,3,1
2026-03-25,600519,14:35:34,1406.1899,4,2
2026-03-25,600519,14:35:37,1406.2300,1,1
2026-03-25,600519,14:35:40,1406.2000,18,2
2026-03-25,600519,14:35:49,1406.2200,9,2
2026-03-25,600519,14:35:52,1406.2200,2,2
2026-03-25,600519,14:35:55,1406.2600,3,1
2026-03-25,600519,14:35:58,1406.3500,19,1
2026-03-25,600519,14:36:04,1406.5300,2,1
2026-03-25,600519,14:36:07,1406.5400,3,1
2026-03-25,600519,14:36:10,1406.3600,5,2
2026-03-25,600519,14:36:13,1406.3700,6,2
2026-03-25,600519,14:36:16,1406.5300,3,1
2026-03-25,600519,14:36:22,1406.6400,4,1
2026-03-25,600519,14:36:28,1406.6899,5,1
2026-03-25,600519,14:36:31,1406.7700,11,1
2026-03-25,600519,14:36:34,1406.8000,3,1
2026-03-25,600519,14:36:37,1406.8199,3,1
2026-03-25,600519,14:36:40,1406.8400,5,1
2026-03-25,600519,14:36:43,1406.9000,5,1
2026-03-25,600519,14:36:46,1407.0000,4,1
2026-03-25,600519,14:36:49,1406.9900,3,1
2026-03-25,600519,14:36:52,1407.6899,5,1
2026-03-25,600519,14:36:55,1407.0300,2,2
2026-03-25,600519,14:36:58,1407.2900,5,2
2026-03-25,600519,14:37:01,1407.7100,2,1
2026-03-25,600519,14:37:04,1407.7200,4,1
2026-03-25,600519,14:37:07,1407.3000,4,2
2026-03-25,600519,14:37:10,1407.7200,1,1
2026-03-25,600519,14:37:13,1407.7400,10,1
2026-03-25,600519,14:37:16,1407.3101,6,2
2026-03-25,600519,14:37:19,1407.9399,4,1
2026-03-25,600519,14:37:22,1407.9399,7,1
2026-03-25,600519,14:37:25,1407.9600,8,1
2026-03-25,600519,14:37:28,1407.9700,12,1
2026-03-25,600519,14:37:31,1407.7600,1,2
2026-03-25,600519,14:37:34,1408.0000,10,1
2026-03-25,600519,14:37:37,1408.0000,1,1
2026-03-25,600519,14:37:40,1408.0000,4,1
2026-03-25,600519,14:37:43,1408.0800,5,1
2026-03-25,600519,14:37:46,1408.5000,11,1
2026-03-25,600519,14:37:49,1408.8500,4,1
2026-03-25,600519,14:37:55,1408.8500,7,1
2026-03-25,600519,14:37:58,1408.8500,14,2
2026-03-25,600519,14:38:01,1408.8500,1,2
2026-03-25,600519,14:38:04,1408.9700,2,1
2026-03-25,600519,14:38:07,1408.8500,8,2
2026-03-25,600519,14:38:10,1408.9800,8,1
2026-03-25,600519,14:38:13,1408.9700,4,2
2026-03-25,600519,14:38:16,1408.5900,1,2
2026-03-25,600519,14:38:19,1408.8800,4,1
2026-03-25,600519,14:38:25,1408.9600,8,1
2026-03-25,600519,14:38:28,1408.8800,1,2
2026-03-25,600519,14:38:31,1408.8800,2,1
2026-03-25,600519,14:38:34,1408.9700,1,1
2026-03-25,600519,14:38:37,1408.8800,2,1
2026-03-25,600519,14:38:40,1408.9600,2,1
2026-03-25,600519,14:38:43,1408.6600,3,2
2026-03-25,600519,14:38:46,1408.8800,2,1
2026-03-25,600519,14:38:49,1408.8800,1,1
2026-03-25,600519,14:38:52,1408.8800,3,1
2026-03-25,600519,14:38:55,1408.9700,8,1
2026-03-25,600519,14:38:58,1408.9800,2,1
2026-03-25,600519,14:39:04,1408.8000,2,2
2026-03-25,600519,14:39:10,1408.9100,2,1
2026-03-25,600519,14:39:13,1408.8000,1,2
2026-03-25,600519,14:39:19,1408.8000,2,2
2026-03-25,600519,14:39:22,1408.7800,4,2
2026-03-25,600519,14:39:25,1408.8700,8,1
2026-03-25,600519,14:39:28,1408.8000,6,2
2026-03-25,600519,14:39:31,1408.8000,1,2
2026-03-25,600519,14:39:34,1408.9301,15,1
2026-03-25,600519,14:39:37,1408.8000,2,2
2026-03-25,600519,14:39:40,1408.8300,4,2
2026-03-25,600519,14:39:43,1408.9301,2,1
2026-03-25,600519,14:39:46,1408.9399,1,1
2026-03-25,600519,14:39:49,1408.9399,3,1
2026-03-25,600519,14:39:52,1408.8400,3,2
2026-03-25,600519,14:39:55,1408.9700,9,1
2026-03-25,600519,14:40:01,1408.9600,2,1
2026-03-25,600519,14:40:04,1408.9700,1,1
2026-03-25,600519,14:40:07,1408.9600,7,2
2026-03-25,600519,14:40:10,1408.9800,1,1
2026-03-25,600519,14:40:13,1408.9800,1,1
2026-03-25,600519,14:40:16,1408.9800,2,1
2026-03-25,600519,14:40:19,1408.9800,3,1
2026-03-25,600519,14:40:22,1408.9800,1,2
2026-03-25,600519,14:40:25,1408.9900,6,4
2026-03-25,600519,14:40:28,1409.0000,5,1
2026-03-25,600519,14:40:31,1408.9200,14,2
2026-03-25,600519,14:40:34,1409.0200,2,1
2026-03-25,600519,14:40:37,1408.9399,6,2
2026-03-25,600519,14:40:40,1408.8800,1,2
2026-03-25,600519,14:40:43,1408.8400,3,2
2026-03-25,600519,14:40:46,1408.8199,3,2
2026-03-25,600519,14:40:49,1408.8101,4,2
2026-03-25,600519,14:40:52,1408.8101,2,2
2026-03-25,600519,14:40:55,1408.8000,5,2
2026-03-25,600519,14:40:58,1408.7800,3,2
2026-03-25,600519,14:41:01,1408.7500,4,1
2026-03-25,600519,14:41:04,1408.6801,1,2
2026-03-25,600519,14:41:07,1408.6899,3,2
2026-03-25,600519,14:41:10,1408.6899,12,2
2026-03-25,600519,14:41:13,1408.7300,2,1
2026-03-25,600519,14:41:16,1408.6899,14,2
2026-03-25,600519,14:41:19,1408.6600,14,2
2026-03-25,600519,14:41:22,1408.0000,6,2
2026-03-25,600519,14:41:25,1408.0000,6,2
2026-03-25,600519,14:41:28,1408.6600,2,1
2026-03-25,600519,14:41:31,1408.0100,8,2
2026-03-25,600519,14:41:34,1408.0100,3,2
2026-03-25,600519,14:41:37,1408.6300,1,1
2026-03-25,600519,14:41:40,1408.0300,2,2
2026-03-25,600519,14:41:43,1408.0300,8,2
2026-03-25,600519,14:41:46,1408.4600,2,1
2026-03-25,600519,14:41:49,1408.4600,1,1
2026-03-25,600519,14:41:52,1408.0601,1,2
2026-03-25,600519,14:41:55,1408.4700,7,1
2026-03-25,600519,14:42:01,1408.4700,2,1
2026-03-25,600519,14:42:04,1408.4700,3,1
2026-03-25,600519,14:42:07,1408.2700,7,2
2026-03-25,600519,14:42:10,1408.1100,3,2
2026-03-25,600519,14:42:13,1408.4399,6,1
2026-03-25,600519,14:42:16,1408.4100,2,1
2026-03-25,600519,14:42:19,1408.4301,3,1
2026-03-25,600519,14:42:22,1408.4000,1,1
2026-03-25,600519,14:42:25,1408.1000,2,2
2026-03-25,600519,14:42:28,1408.3700,13,1
2026-03-25,600519,14:42:31,1408.0800,4,2
2026-03-25,600519,14:42:34,1408.0601,1,2
2026-03-25,600519,14:42:37,1408.3500,9,1
2026-03-25,600519,14:42:40,1408.3600,6,1
2026-03-25,600519,14:42:43,1408.3600,5,2
2026-03-25,600519,14:42:46,1408.1100,4,2
2026-03-25,600519,14:42:49,1408.2500,4,1
2026-03-25,600519,14:42:52,1408.0400,4,2
2026-03-25,600519,14:42:55,1408.0300,3,2
2026-03-25,600519,14:43:01,1408.0500,4,1
2026-03-25,600519,14:43:04,1408.0100,1,2
2026-03-25,600519,14:43:07,1408.0000,7,2
2026-03-25,600519,14:43:10,1407.9800,12,2
2026-03-25,600519,14:43:13,1407.9500,1,2
2026-03-25,600519,14:43:16,1407.8300,3,2
2026-03-25,600519,14:43:19,1407.9600,5,1
2026-03-25,600519,14:43:22,1407.2900,2,2
2026-03-25,600519,14:43:25,1407.2900,3,2
2026-03-25,600519,14:43:28,1407.9500,3,1
2026-03-25,600519,14:43:31,1407.3000,3,2
2026-03-25,600519,14:43:34,1407.3101,6,2
2026-03-25,600519,14:43:37,1407.9301,2,1
2026-03-25,600519,14:43:40,1407.9301,5,1
2026-03-25,600519,14:43:43,1407.9301,2,1
2026-03-25,600519,14:43:46,1407.3400,2,2
2026-03-25,600519,14:43:52,1407.9100,3,1
2026-03-25,600519,14:43:55,1407.7200,3,1
2026-03-25,600519,14:43:58,1407.7200,5,1
2026-03-25,600519,14:44:04,1407.7100,5,1
2026-03-25,600519,14:44:07,1407.7000,5,1
2026-03-25,600519,14:44:10,1407.5000,1,2
2026-03-25,600519,14:44:13,1407.4700,3,1
2026-03-25,600519,14:44:16,1407.5000,2,2
2026-03-25,600519,14:44:19,1407.5000,7,2
2026-03-25,600519,14:44:22,1407.4600,5,1
2026-03-25,600519,14:44:25,1407.4500,1,1
2026-03-25,600519,14:44:28,1407.4600,7,1
2026-03-25,600519,14:44:31,1407.3199,1,2
2026-03-25,600519,14:44:34,1407.3199,4,2
2026-03-25,600519,14:44:37,1407.3000,6,2
2026-03-25,600519,14:44:40,1407.3000,1,2
2026-03-25,600519,14:44:43,1407.2500,1,2
2026-03-25,600519,14:44:46,1407.2600,4,1
2026-03-25,600519,14:44:49,1407.2400,4,1
2026-03-25,600519,14:44:52,1407.1700,1,2
2026-03-25,600519,14:44:58,1407.2300,1,1
2026-03-25,600519,14:45:01,1407.2000,3,2
2026-03-25,600519,14:45:04,1407.2500,10,1
2026-03-25,600519,14:45:07,1407.2000,12,1
2026-03-25,600519,14:45:10,1407.1801,4,2
2026-03-25,600519,14:45:13,1407.1899,5,4
2026-03-25,600519,14:45:16,1407.2500,2,2
2026-03-25,600519,14:45:19,1407.2800,4,1
2026-03-25,600519,14:45:22,1407.2800,12,2
2026-03-25,600519,14:45:25,1407.3101,1,1
2026-03-25,600519,14:45:28,1407.2800,1,1
2026-03-25,600519,14:45:31,1407.2800,1,1
2026-03-25,600519,14:45:34,1407.3000,6,1
2026-03-25,600519,14:45:37,1407.2400,6,2
2026-03-25,600519,14:45:40,1407.2300,4,2
2026-03-25,600519,14:45:43,1407.2800,8,1
2026-03-25,600519,14:45:46,1407.2800,2,4
2026-03-25,600519,14:45:49,1407.2500,6,2
2026-03-25,600519,14:45:52,1407.2400,10,2
2026-03-25,600519,14:45:55,1407.2900,29,1
2026-03-25,600519,14:45:58,1407.2900,3,2
2026-03-25,600519,14:46:01,1407.2800,1,1
2026-03-25,600519,14:46:04,1407.2700,3,1
2026-03-25,600519,14:46:07,1407.2800,7,1
2026-03-25,600519,14:46:10,1407.2800,6,1
2026-03-25,600519,14:46:13,1407.2900,1,1
2026-03-25,600519,14:46:16,1407.3000,7,1
2026-03-25,600519,14:46:19,1407.2900,1,2
2026-03-25,600519,14:46:22,1407.3101,3,1
2026-03-25,600519,14:46:25,1407.3199,4,1
2026-03-25,600519,14:46:28,1407.3600,2,1
2026-03-25,600519,14:46:31,1407.3800,8,1
2026-03-25,600519,14:46:34,1407.4100,5,1
2026-03-25,600519,14:46:37,1407.4301,10,1
2026-03-25,600519,14:46:40,1407.7000,5,1
2026-03-25,600519,14:46:43,1407.7100,2,1
2026-03-25,600519,14:46:46,1407.7100,5,1
2026-03-25,600519,14:46:49,1407.7500,6,2
2026-03-25,600519,14:46:52,1407.7100,3,2
2026-03-25,600519,14:46:55,1407.7600,2,1
2026-03-25,600519,14:46:58,1407.7600,7,1
2026-03-25,600519,14:47:01,1407.7600,8,2
2026-03-25,600519,14:47:07,1407.9100,4,1
2026-03-25,600519,14:47:10,1407.8000,5,2
2026-03-25,600519,14:47:13,1407.9600,13,1
2026-03-25,600519,14:47:16,1407.9600,3,1
2026-03-25,600519,14:47:19,1407.9700,8,1
2026-03-25,600519,14:47:22,1407.9700,4,1
2026-03-25,600519,14:47:25,1407.9700,1,1
2026-03-25,600519,14:47:28,1408.0000,27,1
2026-03-25,600519,14:47:31,1407.9700,4,2
2026-03-25,600519,14:47:34,1407.9301,12,1
2026-03-25,600519,14:47:37,1407.9100,6,2
2026-03-25,600519,14:47:40,1407.9000,2,2
2026-03-25,600519,14:47:43,1407.8600,18,2
2026-03-25,600519,14:47:46,1407.9900,3,1
2026-03-25,600519,14:47:49,1407.9800,7,1
2026-03-25,600519,14:47:52,1407.8700,2,2
2026-03-25,600519,14:47:55,1407.9700,2,1
2026-03-25,600519,14:47:58,1407.9800,3,1
2026-03-25,600519,14:48:01,1408.0000,6,1
2026-03-25,600519,14:48:04,1407.9900,2,4
2026-03-25,600519,14:48:07,1407.9800,11,2
2026-03-25,600519,14:48:13,1408.0000,8,1
2026-03-25,600519,14:48:16,1407.9900,29,4
2026-03-25,600519,14:48:19,1408.0000,5,2
2026-03-25,600519,14:48:22,1408.0100,22,1
2026-03-25,600519,14:48:25,1408.0000,7,2
2026-03-25,600519,14:48:28,1408.0300,2,1
2026-03-25,600519,14:48:31,1408.0900,5,1
2026-03-25,600519,14:48:34,1408.1100,3,1
2026-03-25,600519,14:48:37,1408.2400,1,1
2026-03-25,600519,14:48:40,1408.1300,7,2
2026-03-25,600519,14:48:43,1408.4301,11,1
2026-03-25,600519,14:48:46,1408.4200,2,2
2026-03-25,600519,14:48:49,1408.6100,4,1
2026-03-25,600519,14:48:52,1408.4301,9,2
2026-03-25,600519,14:48:55,1408.5300,4,2
2026-03-25,600519,14:48:58,1408.6899,10,1
2026-03-25,600519,14:49:01,1408.7100,6,1
2026-03-25,600519,14:49:04,1408.7300,5,2
2026-03-25,600519,14:49:07,1408.7300,4,2
2026-03-25,600519,14:49:10,1408.7600,3,2
2026-03-25,600519,14:49:13,1408.7400,6,2
2026-03-25,600519,14:49:16,1408.8400,3,1
2026-03-25,600519,14:49:19,1408.7300,15,2
2026-03-25,600519,14:49:22,1408.8700,8,1
2026-03-25,600519,14:49:25,1408.7500,5,2
2026-03-25,600519,14:49:28,1408.7000,8,2
2026-03-25,600519,14:49:31,1408.7000,10,2
2026-03-25,600519,14:49:34,1408.7000,7,2
2026-03-25,600519,14:49:37,1408.7200,2,2
2026-03-25,600519,14:49:40,1408.8101,6,1
2026-03-25,600519,14:49:43,1408.8000,6,2
2026-03-25,600519,14:49:46,1408.8600,5,1
2026-03-25,600519,14:49:49,1408.8600,5,1
2026-03-25,600519,14:49:52,1408.7800,3,2
2026-03-25,600519,14:49:58,1408.8600,6,1
2026-03-25,600519,14:50:01,1408.6600,27,2
2026-03-25,600519,14:50:04,1408.4000,5,2
2026-03-25,600519,14:50:07,1408.4700,4,1
2026-03-25,600519,14:50:10,1408.4000,6,2
2026-03-25,600519,14:50:13,1408.4500,7,1
2026-03-25,600519,14:50:16,1408.4600,1,1
2026-03-25,600519,14:50:19,1408.4700,3,1
2026-03-25,600519,14:50:22,1408.4700,1,1
2026-03-25,600519,14:50:25,1408.4000,4,2
2026-03-25,600519,14:50:28,1408.4600,1,1
2026-03-25,600519,14:50:31,1408.4600,19,1
2026-03-25,600519,14:50:34,1408.4500,7,1
2026-03-25,600519,14:50:37,1408.4600,6,1
2026-03-25,600519,14:50:40,1408.4700,5,1
2026-03-25,600519,14:50:43,1408.4000,4,2
2026-03-25,600519,14:50:46,1408.4500,7,1
2026-03-25,600519,14:50:49,1408.4100,2,2
2026-03-25,600519,14:50:52,1408.4200,5,1
2026-03-25,600519,14:50:55,1408.4100,7,2
2026-03-25,600519,14:50:58,1408.4200,7,1
2026-03-25,600519,14:51:01,1408.3800,26,2
2026-03-25,600519,14:51:04,1408.4100,1,1
2026-03-25,600519,14:51:07,1408.3600,6,2
2026-03-25,600519,14:51:10,1408.3900,10,1
2026-03-25,600519,14:51:13,1408.4399,23,1
2026-03-25,600519,14:51:16,1408.4600,3,1
2026-03-25,600519,14:51:19,1408.4800,9,1
2026-03-25,600519,14:51:22,1408.6801,8,1
2026-03-25,600519,14:51:25,1408.6899,4,1
2026-03-25,600519,14:51:28,1408.8600,2,1
2026-03-25,600519,14:51:31,1408.6200,22,2
2026-03-25,600519,14:51:34,1408.4700,5,2
2026-03-25,600519,14:51:37,1408.4700,4,2
2026-03-25,600519,14:51:40,1408.6100,2,1
2026-03-25,600519,14:51:43,1408.6100,5,1
2026-03-25,600519,14:51:46,1408.6100,2,1
2026-03-25,600519,14:51:49,1408.6100,9,1
2026-03-25,600519,14:51:52,1408.4700,8,2
2026-03-25,600519,14:51:55,1408.4800,5,2
2026-03-25,600519,14:51:58,1408.4700,1,2
2026-03-25,600519,14:52:01,1408.4399,32,2
2026-03-25,600519,14:52:04,1408.4301,15,2
2026-03-25,600519,14:52:07,1408.4301,9,2
2026-03-25,600519,14:52:10,1408.4301,7,2
2026-03-25,600519,14:52:13,1408.4301,4,2
2026-03-25,600519,14:52:16,1408.4399,2,1
2026-03-25,600519,14:52:19,1408.4301,14,2
2026-03-25,600519,14:52:22,1408.4399,9,1
2026-03-25,600519,14:52:25,1408.4000,4,2
2026-03-25,600519,14:52:28,1408.4399,3,1
2026-03-25,600519,14:52:31,1408.3700,22,2
2026-03-25,600519,14:52:34,1408.3700,6,1
2026-03-25,600519,14:52:37,1408.3600,5,1
2026-03-25,600519,14:52:40,1408.3101,4,2
2026-03-25,600519,14:52:43,1408.4399,9,1
2026-03-25,600519,14:52:46,1408.4500,1,1
2026-03-25,600519,14:52:49,1408.4500,7,1
2026-03-25,600519,14:52:52,1408.4500,5,1
2026-03-25,600519,14:52:55,1408.3600,16,2
2026-03-25,600519,14:52:58,1408.3000,2,2
2026-03-25,600519,14:53:01,1408.4600,50,1
2026-03-25,600519,14:53:04,1408.4600,12,2
2026-03-25,600519,14:53:07,1408.4700,3,2
2026-03-25,600519,14:53:10,1408.4600,4,2
2026-03-25,600519,14:53:13,1408.7600,5,1
2026-03-25,600519,14:53:16,1408.6200,5,4
2026-03-25,600519,14:53:19,1408.6600,5,2
2026-03-25,600519,14:53:22,1408.6600,15,1
2026-03-25,600519,14:53:25,1408.4600,9,2
2026-03-25,600519,14:53:28,1408.4800,9,2
2026-03-25,600519,14:53:31,1408.4600,21,2
2026-03-25,600519,14:53:34,1408.4500,6,2
2026-03-25,600519,14:53:37,1408.3300,11,2
2026-03-25,600519,14:53:40,1408.3199,20,2
2026-03-25,600519,14:53:46,1408.3101,3,2
2026-03-25,600519,14:53:52,1408.3199,3,2
2026-03-25,600519,14:53:55,1408.4399,28,1
2026-03-25,600519,14:53:58,1408.4301,8,1
2026-03-25,600519,14:54:01,1408.3101,14,2
2026-03-25,600519,14:54:04,1408.3101,12,1
2026-03-25,600519,14:54:07,1408.4500,15,1
2026-03-25,600519,14:54:10,1408.4500,1,2
2026-03-25,600519,14:54:13,1408.7000,16,1
2026-03-25,600519,14:54:16,1408.7000,5,2
2026-03-25,600519,14:54:19,1408.9000,9,1
2026-03-25,600519,14:54:22,1408.9301,3,2
2026-03-25,600519,14:54:25,1408.9600,9,1
2026-03-25,600519,14:54:28,1409.0000,9,1
2026-03-25,600519,14:54:31,1409.0000,21,1
2026-03-25,600519,14:54:34,1408.9399,6,1
2026-03-25,600519,14:54:37,1408.8400,14,2
2026-03-25,600519,14:54:40,1409.0000,15,1
2026-03-25,600519,14:54:43,1409.0000,8,2
2026-03-25,600519,14:54:46,1408.8000,8,2
2026-03-25,600519,14:54:49,1408.7200,16,2
2026-03-25,600519,14:54:52,1408.7300,3,2
2026-03-25,600519,14:54:55,1408.7900,5,1
2026-03-25,600519,14:54:58,1409.0000,27,1
2026-03-25,600519,14:55:01,1408.7000,26,2
2026-03-25,600519,14:55:04,1409.0100,13,1
2026-03-25,600519,14:55:07,1408.8101,8,2
2026-03-25,600519,14:55:10,1409.0000,5,1
2026-03-25,600519,14:55:13,1409.0100,7,1
2026-03-25,600519,14:55:16,1409.0000,4,1
2026-03-25,600519,14:55:19,1409.0000,10,1
2026-03-25,600519,14:55:22,1409.3300,1,1
2026-03-25,600519,14:55:25,1408.9000,10,2
2026-03-25,600519,14:55:28,1409.0900,3,1
2026-03-25,600519,14:55:31,1409.0300,22,2
2026-03-25,600519,14:55:34,1409.0500,5,2
2026-03-25,600519,14:55:37,1409.3300,6,1
2026-03-25,600519,14:55:40,1409.3300,7,2
2026-03-25,600519,14:55:43,1409.3300,2,2
2026-03-25,600519,14:55:46,1409.6000,37,1
2026-03-25,600519,14:55:49,1409.8000,2,1
2026-03-25,600519,14:55:52,1410.0000,35,1
2026-03-25,600519,14:55:55,1410.0900,8,1
2026-03-25,600519,14:55:58,1410.1000,21,1
2026-03-25,600519,14:56:01,1410.0000,25,2
2026-03-25,600519,14:56:04,1410.0000,18,1
2026-03-25,600519,14:56:07,1410.1000,6,1
2026-03-25,600519,14:56:10,1409.6000,11,2
2026-03-25,600519,14:56:13,1409.9900,4,1
2026-03-25,600519,14:56:16,1410.1000,16,1
2026-03-25,600519,14:56:19,1410.5200,8,1
2026-03-25,600519,14:56:22,1410.5200,4,1
2026-03-25,600519,14:56:25,1410.5200,3,2
2026-03-25,600519,14:56:28,1410.5200,17,2
2026-03-25,600519,14:56:31,1410.6400,14,1
2026-03-25,600519,14:56:34,1410.0000,8,2
2026-03-25,600519,14:56:37,1411.0000,26,1
2026-03-25,600519,14:56:40,1409.6100,4,2
2026-03-25,600519,14:56:43,1410.6400,4,1
2026-03-25,600519,14:56:46,1410.8900,7,1
2026-03-25,600519,14:56:49,1410.0100,3,2
2026-03-25,600519,14:56:52,1411.1000,11,1
2026-03-25,600519,14:56:55,1410.8000,13,2
2026-03-25,600519,14:56:58,1410.9900,1,1
2026-03-25,600519,14:57:01,1411.2000,7,1
2026-03-25,600519,15:00:04,1410.2700,452,4
2026-03-25,600519,11:27:16,1408.9700,2,1
2026-03-25,600519,11:27:22,1409.1000,7,1
2026-03-25,600519,11:27:25,1408.4000,1,2
2026-03-25,600519,11:27:28,1408.3700,5,2
2026-03-25,600519,11:27:31,1408.3700,26,2
2026-03-25,600519,11:27:34,1408.0900,6,2
2026-03-25,600519,11:27:37,1408.3600,2,1
2026-03-25,600519,11:27:40,1408.3500,8,1
2026-03-25,600519,11:27:43,1408.3300,2,1
2026-03-25,600519,11:27:52,1408.3300,2,1
2026-03-25,600519,11:27:55,1408.3500,12,1
2026-03-25,600519,11:27:58,1408.3400,8,2
2026-03-25,600519,11:28:01,1408.3400,1,1
2026-03-25,600519,11:28:04,1408.2600,5,2
2026-03-25,600519,11:28:07,1408.3700,4,1
2026-03-25,600519,11:28:10,1408.3800,1,1
2026-03-25,600519,11:28:13,1408.4900,7,1
2026-03-25,600519,11:28:19,1408.5300,1,2
2026-03-25,600519,11:28:22,1408.3400,1,2
2026-03-25,600519,11:28:31,1408.6400,1,1
2026-03-25,600519,11:28:37,1408.3400,1,2
2026-03-25,600519,11:28:40,1408.7800,4,1
2026-03-25,600519,11:28:49,1408.3500,1,2
2026-03-25,600519,11:28:52,1408.3500,2,2
2026-03-25,600519,11:28:55,1408.7900,5,1
2026-03-25,600519,11:28:58,1408.7800,1,1
2026-03-25,600519,11:29:01,1408.8000,2,1
2026-03-25,600519,11:29:04,1408.8000,1,1
2026-03-25,600519,11:29:07,1408.7900,3,1
2026-03-25,600519,11:29:16,1408.8101,1,1
2026-03-25,600519,11:29:19,1408.8101,1,1
2026-03-25,600519,11:29:22,1408.8000,1,2
2026-03-25,600519,11:29:25,1408.3101,6,2
2026-03-25,600519,11:29:28,1408.8000,1,1
2026-03-25,600519,11:29:31,1408.3101,3,2
2026-03-25,600519,11:29:34,1408.8101,8,1
2026-03-25,600519,11:29:37,1408.8101,5,1
2026-03-25,600519,11:29:40,1408.8101,1,1
2026-03-25,600519,11:29:46,1408.8101,1,1
2026-03-25,600519,11:29:52,1408.8101,1,1
2026-03-25,600519,11:29:58,1408.8101,5,1
2026-03-25,600519,11:30:02,1408.8101,4,1
2026-03-25,600519,13:00:01,1409.2600,1,1
2026-03-25,600519,13:00:04,1409.2700,8,1
2026-03-25,600519,13:00:07,1409.2700,17,2
2026-03-25,600519,13:00:10,1409.2700,11,2
2026-03-25,600519,13:00:13,1409.3900,36,1
2026-03-25,600519,13:00:16,1409.9800,24,1
2026-03-25,600519,13:00:19,1409.3900,21,2
2026-03-25,600519,13:00:22,1410.0000,9,1
2026-03-25,600519,13:00:25,1409.9100,11,2
2026-03-25,600519,13:00:28,1410.1300,5,1
2026-03-25,600519,13:00:31,1410.0100,3,2
2026-03-25,600519,13:00:34,1409.9200,7,2
2026-03-25,600519,13:00:37,1409.9100,9,2
2026-03-25,600519,13:00:40,1410.0699,14,1
2026-03-25,600519,13:00:43,1409.9900,5,2
2026-03-25,600519,13:00:46,1410.0500,1,1
2026-03-25,600519,13:00:49,1409.9100,2,1
2026-03-25,600519,13:00:52,1410.0601,4,1
2026-03-25,600519,13:00:58,1409.4000,6,2
2026-03-25,600519,13:01:01,1409.4100,4,2
2026-03-25,600519,13:01:04,1410.0000,1,1
2026-03-25,600519,13:01:07,1409.3199,3,2
2026-03-25,600519,13:01:10,1409.7800,4,1
2026-03-25,600519,13:01:22,1409.3199,5,2
2026-03-25,600519,13:01:25,1409.3101,3,2
2026-03-25,600519,13:01:28,1409.2500,6,2
2026-03-25,600519,13:01:31,1409.0300,8,2
2026-03-25,600519,13:01:34,1409.0000,4,2
2026-03-25,600519,13:01:37,1408.9900,2,2
2026-03-25,600519,13:01:40,1408.8800,1,2
2026-03-25,600519,13:01:43,1408.8400,3,2
2026-03-25,600519,13:01:46,1408.8199,38,2
2026-03-25,600519,13:01:49,1408.8101,7,1
2026-03-25,600519,13:01:52,1408.8000,1,1
2026-03-25,600519,13:01:55,1408.8101,2,1
2026-03-25,600519,13:01:58,1408.8400,4,1
2026-03-25,600519,13:02:01,1408.8800,3,1
2026-03-25,600519,13:02:04,1408.7800,11,2
2026-03-25,600519,13:02:07,1408.7700,7,2
2026-03-25,600519,13:02:10,1408.7600,4,1
2026-03-25,600519,13:02:13,1408.3199,4,2
2026-03-25,600519,13:02:16,1408.3199,2,2
2026-03-25,600519,13:02:19,1408.1801,14,2
2026-03-25,600519,13:02:22,1408.1300,5,2
2026-03-25,600519,13:02:25,1408.1100,4,2
2026-03-25,600519,13:02:28,1408.2800,8,1
2026-03-25,600519,13:02:31,1408.2900,7,1
2026-03-25,600519,13:02:34,1408.2900,2,1
2026-03-25,600519,13:02:40,1408.8600,13,1
2026-03-25,600519,13:02:43,1408.8600,1,1
2026-03-25,600519,13:02:46,1408.8700,11,1
2026-03-25,600519,13:02:49,1408.8800,4,1
2026-03-25,600519,13:02:52,1409.1700,7,1
2026-03-25,600519,13:02:55,1409.2100,3,1
2026-03-25,600519,13:03:07,1408.8900,1,2
2026-03-25,600519,13:03:19,1408.9000,1,2
2026-03-25,600519,13:03:25,1408.9800,4,2
2026-03-25,600519,13:03:28,1409.4600,3,1
2026-03-25,600519,13:03:31,1409.4600,3,1
2026-03-25,600519,13:03:37,1408.9399,2,2
2026-03-25,600519,13:03:40,1409.3900,5,1
2026-03-25,600519,13:03:43,1408.9000,3,2
2026-03-25,600519,13:03:49,1409.4600,3,1
2026-03-25,600519,13:03:52,1408.7800,1,2
2026-03-25,600519,13:03:55,1408.8600,5,1
2026-03-25,600519,13:03:58,1408.9900,1,1
2026-03-25,600519,13:04:01,1409.4301,4,1
2026-03-25,600519,13:04:04,1408.8800,1,2
2026-03-25,600519,13:04:07,1408.8900,1,2
2026-03-25,600519,13:04:10,1409.4000,2,1
2026-03-25,600519,13:04:13,1409.4000,1,1
2026-03-25,600519,13:04:16,1409.4000,1,1
2026-03-25,600519,13:04:19,1408.8101,1,2
2026-03-25,600519,13:04:25,1408.8000,1,2
2026-03-25,600519,13:04:28,1408.7800,2,2
2026-03-25,600519,13:04:31,1408.3000,5,2
2026-03-25,600519,13:04:34,1408.7800,4,1
2026-03-25,600519,13:04:37,1408.7900,5,1
2026-03-25,600519,13:04:40,1408.7900,1,1
2026-03-25,600519,13:04:43,1408.7900,2,1
2026-03-25,600519,13:04:46,1408.8000,3,1
2026-03-25,600519,13:04:49,1408.9800,2,1
2026-03-25,600519,13:04:52,1409.3800,2,1
2026-03-25,600519,13:04:55,1409.3700,1,1
2026-03-25,600519,13:04:58,1409.3800,1,1
2026-03-25,600519,13:05:01,1409.4100,5,1
2026-03-25,600519,13:05:10,1409.0699,3,2
2026-03-25,600519,13:05:16,1409.3600,2,1
2026-03-25,600519,13:05:19,1408.8101,5,2
2026-03-25,600519,13:05:22,1409.3700,8,1
2026-03-25,600519,13:05:28,1409.3800,1,1
2026-03-25,600519,13:05:31,1409.3800,1,1
2026-03-25,600519,13:05:34,1409.4100,1,1
2026-03-25,600519,13:05:37,1409.4100,1,1
2026-03-25,600519,13:05:43,1409.4000,2,1
2026-03-25,600519,13:05:46,1409.4000,4,1
2026-03-25,600519,13:05:49,1409.0699,3,2
2026-03-25,600519,13:05:55,1409.0000,3,2
2026-03-25,600519,13:05:58,1409.0100,1,2
2026-03-25,600519,13:06:01,1409.0100,1,2
2026-03-25,600519,13:06:07,1409.4100,1,1
2026-03-25,600519,13:06:10,1409.0000,2,2
2026-03-25,600519,13:06:16,1409.4000,1,1
2026-03-25,600519,13:06:31,1409.0800,1,2
2026-03-25,600519,13:06:40,1408.8101,11,2
2026-03-25,600519,13:06:46,1409.3800,1,1
2026-03-25,600519,13:06:49,1409.3800,1,1
2026-03-25,600519,13:06:52,1409.3700,4,1
2026-03-25,600519,13:06:55,1409.3800,11,1
2026-03-25,600519,13:07:04,1409.0200,2,2
2026-03-25,600519,13:07:07,1409.1400,4,1
2026-03-25,600519,13:07:10,1408.8101,2,2
2026-03-25,600519,13:07:13,1408.7900,3,2
2026-03-25,600519,13:07:16,1409.1200,1,1
2026-03-25,600519,13:07:19,1409.1200,1,1
2026-03-25,600519,13:07:22,1409.0000,2,1
2026-03-25,600519,13:07:28,1409.1000,1,1
2026-03-25,600519,13:07:31,1409.0000,2,1
2026-03-25,600519,13:07:40,1408.9700,2,2
2026-03-25,600519,13:07:43,1409.3900,22,1
2026-03-25,600519,13:07:46,1409.3500,7,2
2026-03-25,600519,13:07:49,1409.4600,1,1
2026-03-25,600519,13:07:52,1409.4800,1,1
2026-03-25,600519,13:07:55,1409.6500,2,1
2026-03-25,600519,13:07:58,1409.9600,2,1
2026-03-25,600519,13:08:01,1409.9700,1,1
2026-03-25,600519,13:08:04,1409.9700,1,1
2026-03-25,600519,13:08:07,1410.0000,5,1
2026-03-25,600519,13:08:10,1410.0400,3,1
2026-03-25,600519,13:08:13,1409.9000,2,2
2026-03-25,600519,13:08:16,1410.0400,3,1
2026-03-25,600519,13:08:22,1409.9700,3,1
2026-03-25,600519,13:08:34,1409.8800,1,2
2026-03-25,600519,13:08:49,1409.8199,1,2
2026-03-25,600519,13:08:52,1410.1000,9,1
2026-03-25,600519,13:08:58,1410.3500,8,1
2026-03-25,600519,13:09:01,1410.4100,1,1
2026-03-25,600519,13:09:04,1410.3600,1,2
2026-03-25,600519,13:09:10,1410.4100,2,1
2026-03-25,600519,13:09:13,1410.3800,1,2
2026-03-25,600519,13:09:16,1410.5000,2,1
2026-03-25,600519,13:09:19,1410.5000,2,1
2026-03-25,600519,13:09:22,1410.6000,2,1
2026-03-25,600519,13:09:25,1410.6000,1,2
2026-03-25,600519,13:09:31,1411.0000,10,1
2026-03-25,600519,13:09:43,1411.1100,1,1
2026-03-25,600519,13:09:46,1411.1100,1,1
2026-03-25,600519,13:09:49,1410.6801,3,2
2026-03-25,600519,13:09:52,1410.3700,22,2
2026-03-25,600519,13:09:55,1410.1000,1,2
2026-03-25,600519,13:09:58,1410.1000,3,2
2026-03-25,600519,13:10:01,1410.5300,7,1
2026-03-25,600519,13:10:04,1410.5100,2,1
2026-03-25,600519,13:10:19,1410.5100,1,1
2026-03-25,600519,13:10:22,1410.5000,1,1
2026-03-25,600519,13:10:28,1410.2100,3,2
2026-03-25,600519,13:10:31,1410.1500,2,2
2026-03-25,600519,13:10:34,1410.4900,1,1
2026-03-25,600519,13:10:37,1409.8900,3,2
2026-03-25,600519,13:10:40,1409.8500,3,2
2026-03-25,600519,13:10:43,1409.8300,3,2
2026-03-25,600519,13:10:49,1409.8400,1,1
2026-03-25,600519,13:10:52,1409.8199,2,4
2026-03-25,600519,13:10:55,1409.8300,1,1
2026-03-25,600519,13:11:01,1409.8300,3,1
2026-03-25,600519,13:11:04,1409.8300,1,1
2026-03-25,600519,13:11:07,1409.8300,2,1
2026-03-25,600519,13:11:13,1409.7900,2,2
2026-03-25,600519,13:11:25,1409.7100,2,2
2026-03-25,600519,13:11:31,1409.6300,2,2
2026-03-25,600519,13:11:34,1409.6200,1,1
2026-03-25,600519,13:11:37,1409.5400,2,2
2026-03-25,600519,13:11:40,1409.6400,4,1
2026-03-25,600519,13:11:43,1409.6300,3,2
2026-03-25,600519,13:11:49,1409.7500,2,1
2026-03-25,600519,13:11:52,1409.7500,9,1
2026-03-25,600519,13:11:55,1409.8500,15,1
2026-03-25,600519,13:12:01,1410.4800,2,1
2026-03-25,600519,13:12:07,1410.5200,1,1
2026-03-25,600519,13:12:16,1410.0000,1,2
2026-03-25,600519,13:12:19,1410.5200,1,1
2026-03-25,600519,13:12:28,1410.5000,1,1
2026-03-25,600519,13:12:31,1410.5200,4,1
2026-03-25,600519,13:12:34,1410.0300,11,2
2026-03-25,600519,13:12:43,1410.5800,1,1
2026-03-25,600519,13:12:46,1410.6000,2,1
2026-03-25,600519,13:12:49,1410.9900,2,1
2026-03-25,600519,13:12:52,1410.6000,1,2
2026-03-25,600519,13:12:58,1410.6100,2,2
2026-03-25,600519,13:13:01,1410.9600,2,1
2026-03-25,600519,13:13:04,1410.6000,8,2
2026-03-25,600519,13:13:07,1410.5500,5,2
2026-03-25,600519,13:13:10,1410.5300,1,2
2026-03-25,600519,13:13:13,1410.5100,1,2
2026-03-25,600519,13:13:16,1410.5300,2,1
2026-03-25,600519,13:13:28,1410.0400,2,2
2026-03-25,600519,13:13:31,1410.5100,1,1
2026-03-25,600519,13:13:34,1410.5200,5,1
2026-03-25,600519,13:13:37,1410.0000,2,2
2026-03-25,600519,13:13:43,1410.5200,8,1
2026-03-25,600519,13:13:49,1410.5300,3,1
2026-03-25,600519,13:13:52,1410.5300,3,1
2026-03-25,600519,13:13:58,1410.5300,2,1
2026-03-25,600519,13:14:01,1410.5300,41,1
2026-03-25,600519,13:14:04,1409.9600,5,2
2026-03-25,600519,13:14:07,1410.5200,1,1
2026-03-25,600519,13:14:10,1410.5300,1,1
2026-03-25,600519,13:14:13,1410.4900,2,1
2026-03-25,600519,13:14:19,1410.5000,1,1
2026-03-25,600519,13:14:28,1410.4700,2,1
2026-03-25,600519,13:14:37,1410.4700,1,1
2026-03-25,600519,13:14:40,1410.4399,2,1
2026-03-25,600519,13:14:43,1410.4100,2,1
2026-03-25,600519,13:14:46,1410.4200,2,1
2026-03-25,600519,13:14:49,1410.4200,1,1
2026-03-25,600519,13:14:52,1410.4100,4,1
2026-03-25,600519,13:14:55,1410.0100,2,2
2026-03-25,600519,13:14:58,1410.0100,3,2
2026-03-25,600519,13:15:01,1410.3500,2,1
2026-03-25,600519,13:15:04,1409.9600,20,2
2026-03-25,600519,13:15:07,1410.0000,1,2
2026-03-25,600519,13:15:10,1409.9100,5,2
2026-03-25,600519,13:15:13,1409.8900,3,2
2026-03-25,600519,13:15:22,1409.8500,5,2
2026-03-25,600519,13:15:25,1409.8500,21,2
2026-03-25,600519,13:15:28,1409.8500,1,2
2026-03-25,600519,13:15:34,1409.8600,5,1
2026-03-25,600519,13:15:37,1409.8600,17,2
2026-03-25,600519,13:15:40,1409.8900,2,1
2026-03-25,600519,13:15:43,1409.9399,3,1
2026-03-25,600519,13:15:46,1409.9700,1,1
2026-03-25,600519,13:15:49,1409.9399,2,2
2026-03-25,600519,13:15:52,1409.9700,4,1
2026-03-25,600519,13:15:55,1409.8800,2,2
2026-03-25,600519,13:15:58,1409.9500,2,2
2026-03-25,600519,13:16:01,1409.9700,3,1
2026-03-25,600519,13:16:04,1409.9500,1,2
2026-03-25,600519,13:16:07,1409.9700,2,2
2026-03-25,600519,13:16:10,1409.9800,1,1
2026-03-25,600519,13:16:13,1409.9800,1,1
2026-03-25,600519,13:16:16,1410.0000,3,1
2026-03-25,600519,13:16:22,1410.3000,3,1
2026-03-25,600519,13:16:25,1410.3300,6,1
2026-03-25,600519,13:16:28,1410.3300,2,1
2026-03-25,600519,13:16:31,1410.3101,4,2
2026-03-25,600519,13:16:34,1410.3500,2,1
2026-03-25,600519,13:16:40,1410.3700,3,1
2026-03-25,600519,13:16:43,1410.4100,6,1
2026-03-25,600519,13:16:46,1410.3900,6,2
2026-03-25,600519,13:16:49,1410.4900,2,1
2026-03-25,600519,13:16:52,1410.5000,2,1
2026-03-25,600519,13:16:55,1410.4000,1,2
2026-03-25,600519,13:16:58,1410.5100,6,1
2026-03-25,600519,13:17:01,1410.3500,3,2
2026-03-25,600519,13:17:04,1410.3101,5,2
2026-03-25,600519,13:17:07,1410.3101,5,2
2026-03-25,600519,13:17:10,1410.3500,4,1
2026-03-25,600519,13:17:13,1410.3500,1,1
2026-03-25,600519,13:17:16,1410.3600,5,1
2026-03-25,600519,13:17:19,1409.9600,7,2
2026-03-25,600519,13:17:22,1410.5000,2,1
2026-03-25,600519,13:17:25,1410.5100,2,1
2026-03-25,600519,13:17:31,1410.4700,3,2
2026-03-25,600519,13:17:37,1410.2200,1,2
2026-03-25,600519,13:17:40,1410.2200,2,1
2026-03-25,600519,13:17:43,1410.2200,1,1
2026-03-25,600519,13:17:49,1410.3500,2,1
2026-03-25,600519,13:17:52,1410.1500,3,2
2026-03-25,600519,13:17:55,1410.3500,1,1
2026-03-25,600519,13:17:58,1410.3500,1,2
2026-03-25,600519,13:18:01,1410.3600,1,1
2026-03-25,600519,13:18:04,1410.3500,3,2
2026-03-25,600519,13:18:10,1410.3500,1,2
2026-03-25,600519,13:18:13,1410.3199,2,2
2026-03-25,600519,13:18:19,1410.3199,1,1
2026-03-25,600519,13:18:22,1410.0200,1,2
2026-03-25,600519,13:18:28,1410.0100,1,2
2026-03-25,600519,13:18:34,1410.3000,2,1
2026-03-25,600519,13:18:43,1410.0100,3,2
2026-03-25,600519,13:18:46,1410.0000,6,2
2026-03-25,600519,13:18:52,1410.2600,7,1
2026-03-25,600519,13:18:55,1410.0100,1,2
2026-03-25,600519,13:18:58,1410.0000,1,2
2026-03-25,600519,13:19:01,1410.0100,9,1
2026-03-25,600519,13:19:04,1409.9700,3,2
2026-03-25,600519,13:19:07,1410.0000,1,1
2026-03-25,600519,13:19:10,1409.9800,3,2
2026-03-25,600519,13:19:22,1409.9600,5,2
2026-03-25,600519,13:19:25,1409.9000,5,2
2026-03-25,600519,13:19:28,1409.9000,1,2
2026-03-25,600519,13:19:31,1409.8500,18,2
2026-03-25,600519,13:19:34,1409.6000,6,2
2026-03-25,600519,13:19:37,1409.4700,2,2
2026-03-25,600519,13:19:40,1409.0000,5,2
2026-03-25,600519,13:19:46,1409.0000,7,2
2026-03-25,600519,13:19:55,1409.6500,2,1
2026-03-25,600519,13:19:58,1409.6500,2,1
2026-03-25,600519,13:20:01,1409.4500,2,1
2026-03-25,600519,13:20:04,1409.0100,5,2
2026-03-25,600519,13:20:10,1409.6500,3,1
2026-03-25,600519,13:20:13,1409.6600,6,1
2026-03-25,600519,13:20:16,1409.6300,3,2
2026-03-25,600519,13:20:19,1409.4700,2,1
2026-03-25,600519,13:20:22,1409.6400,3,1
2026-03-25,600519,13:20:28,1409.0200,6,2
2026-03-25,600519,13:20:31,1409.0000,7,2
2026-03-25,600519,13:20:37,1409.0000,3,2
2026-03-25,600519,13:20:40,1408.9800,14,2
2026-03-25,600519,13:20:43,1409.6100,3,1
2026-03-25,600519,13:20:46,1409.6300,3,1
2026-03-25,600519,13:20:52,1408.9800,4,2
2026-03-25,600519,13:20:55,1409.6700,4,1
2026-03-25,600519,13:20:58,1409.6500,2,1
2026-03-25,600519,13:21:01,1409.6500,1,1
2026-03-25,600519,13:21:04,1409.6500,2,1
2026-03-25,600519,13:21:07,1409.6600,14,1
2026-03-25,600519,13:21:10,1409.1000,5,2
2026-03-25,600519,13:21:13,1409.6200,6,1
2026-03-25,600519,13:21:16,1409.6300,2,1
2026-03-25,600519,13:21:19,1408.9800,5,2
2026-03-25,600519,13:21:22,1409.0100,6,2
2026-03-25,600519,13:21:25,1409.6300,3,1
2026-03-25,600519,13:21:28,1409.6300,1,1
2026-03-25,600519,13:21:31,1409.6300,3,1
2026-03-25,600519,13:21:34,1409.0100,2,2
2026-03-25,600519,13:21:37,1409.0400,2,2
2026-03-25,600519,13:21:40,1409.6200,1,1
2026-03-25,600519,13:21:43,1408.9900,4,2
2026-03-25,600519,13:21:46,1408.9700,1,2
2026-03-25,600519,13:21:49,1409.6100,3,1
2026-03-25,600519,13:21:52,1408.9500,4,2
2026-03-25,600519,13:21:58,1408.9301,2,2
2026-03-25,600519,13:22:01,1409.5500,5,1
2026-03-25,600519,13:22:07,1409.0400,7,2
2026-03-25,600519,13:22:10,1409.2200,2,1
2026-03-25,600519,13:22:13,1408.8700,2,2
2026-03-25,600519,13:22:16,1409.2400,2,1
2026-03-25,600519,13:22:19,1409.3700,2,1
2026-03-25,600519,13:22:25,1409.2300,3,1
2026-03-25,600519,13:22:28,1409.2300,3,1
2026-03-25,600519,13:22:31,1409.2300,4,2
2026-03-25,600519,13:22:34,1409.2200,4,2
2026-03-25,600519,13:22:37,1409.2000,2,2
2026-03-25,600519,13:22:40,1409.1700,5,2
2026-03-25,600519,13:22:43,1409.1600,2,1
2026-03-25,600519,13:22:49,1409.2000,9,1
2026-03-25,600519,13:22:52,1409.2000,3,2
2026-03-25,600519,13:22:58,1409.0200,3,2
2026-03-25,600519,13:23:07,1409.4800,2,1
2026-03-25,600519,13:23:10,1409.0699,1,2
2026-03-25,600519,13:23:13,1409.4700,1,1
2026-03-25,600519,13:23:19,1409.4600,1,1
2026-03-25,600519,13:23:25,1409.1899,2,2
2026-03-25,600519,13:23:28,1409.1899,3,1
2026-03-25,600519,13:23:37,1409.0300,2,2
2026-03-25,600519,13:23:43,1409.0300,2,2
2026-03-25,600519,13:23:46,1409.0300,1,2
2026-03-25,600519,13:23:49,1409.0800,6,1
2026-03-25,600519,13:23:55,1409.0300,5,2
2026-03-25,600519,13:23:58,1409.0800,3,1
2026-03-25,600519,13:24:01,1409.0900,10,1
2026-03-25,600519,13:24:04,1409.4301,13,1
2026-03-25,600519,13:24:07,1409.0300,6,2
2026-03-25,600519,13:24:10,1409.0601,8,2
2026-03-25,600519,13:24:13,1409.0500,3,2
2026-03-25,600519,13:24:19,1409.3900,10,1
2026-03-25,600519,13:24:25,1409.1000,1,2
2026-03-25,600519,13:24:28,1409.0200,2,2
2026-03-25,600519,13:24:31,1409.3500,1,1
2026-03-25,600519,13:24:34,1409.3500,4,1
2026-03-25,600519,13:24:40,1409.3600,7,1
2026-03-25,600519,13:24:43,1409.2600,4,2
2026-03-25,600519,13:24:46,1409.0000,2,2
2026-03-25,600519,13:24:49,1409.3600,14,1
2026-03-25,600519,13:24:52,1409.3700,8,1
2026-03-25,600519,13:24:58,1409.3700,3,1
2026-03-25,600519,13:25:01,1409.3300,3,2
2026-03-25,600519,13:25:04,1409.3600,2,1
2026-03-25,600519,13:25:07,1409.3600,4,1
2026-03-25,600519,13:25:10,1409.3700,5,1
2026-03-25,600519,13:25:13,1409.3300,8,2
2026-03-25,600519,13:25:16,1409.2600,1,2
2026-03-25,600519,13:25:22,1409.2400,2,2
2026-03-25,600519,13:25:25,1409.2500,4,1
2026-03-25,600519,13:25:28,1409.0200,1,2
2026-03-25,600519,13:25:31,1409.0100,2,2
2026-03-25,600519,13:25:37,1409.2400,1,1
2026-03-25,600519,13:25:40,1409.0000,5,2
2026-03-25,600519,13:25:43,1409.0000,1,2
2026-03-25,600519,13:25:46,1409.0000,3,2
2026-03-25,600519,13:25:52,1409.0000,1,2
2026-03-25,600519,13:25:55,1409.2000,4,1
2026-03-25,600519,13:25:58,1409.0100,1,2
2026-03-25,600519,13:26:01,1409.0000,1,2
2026-03-25,600519,13:26:04,1409.0000,11,2
2026-03-25,600519,13:26:07,1409.2100,8,1
2026-03-25,600519,13:26:10,1409.2100,17,1
2026-03-25,600519,13:26:13,1409.2300,2,1
2026-03-25,600519,13:26:25,1409.2100,6,1
2026-03-25,600519,13:26:28,1409.2000,2,1
2026-03-25,600519,13:26:31,1409.2000,1,1
2026-03-25,600519,13:26:34,1409.1000,1,4
2026-03-25,600519,13:26:37,1409.0100,1,2
2026-03-25,600519,13:26:40,1409.0100,10,2
2026-03-25,600519,13:26:43,1409.1899,9,1
2026-03-25,600519,13:26:46,1409.1899,4,2
2026-03-25,600519,13:26:49,1409.1899,1,2
2026-03-25,600519,13:26:52,1409.1899,2,1
2026-03-25,600519,13:26:55,1409.2000,9,1
2026-03-25,600519,13:26:58,1409.2000,5,1
2026-03-25,600519,13:27:01,1409.1500,2,4
2026-03-25,600519,13:27:07,1409.1500,2,2
2026-03-25,600519,13:27:10,1409.2200,12,1
2026-03-25,600519,13:27:13,1409.1200,1,2
2026-03-25,600519,13:27:19,1409.1500,1,2
2026-03-25,600519,13:27:22,1409.0900,10,2
2026-03-25,600519,13:27:25,1409.1200,10,1
2026-03-25,600519,13:27:31,1409.1000,4,2
2026-03-25,600519,13:27:34,1409.0200,5,2
2026-03-25,600519,13:27:37,1409.0400,1,2
2026-03-25,600519,13:27:40,1409.0200,12,2
2026-03-25,600519,13:27:43,1409.3300,7,1
2026-03-25,600519,13:27:52,1409.4800,2,1
2026-03-25,600519,13:27:55,1410.3101,24,1
2026-03-25,600519,13:27:58,1410.3101,21,2
2026-03-25,600519,13:28:01,1410.2100,3,2
2026-03-25,600519,13:28:07,1409.0800,6,2
2026-03-25,600519,13:28:10,1409.0900,10,2
2026-03-25,600519,13:28:13,1409.1000,1,2
2026-03-25,600519,13:28:16,1409.0900,3,2
2026-03-25,600519,13:28:22,1409.1600,1,2
2026-03-25,600519,13:28:31,1409.1700,2,2
2026-03-25,600519,13:28:34,1409.2100,3,2
2026-03-25,600519,13:28:37,1410.1801,2,1
2026-03-25,600519,13:28:40,1410.1899,1,1
2026-03-25,600519,13:28:46,1409.1000,1,2
2026-03-25,600519,13:28:55,1410.1801,1,1
2026-03-25,600519,13:29:07,1410.2000,9,1
2026-03-25,600519,13:29:13,1410.1899,2,1
2026-03-25,600519,13:29:16,1410.2000,5,1
2026-03-25,600519,13:29:19,1410.2000,1,1
2026-03-25,600519,13:29:28,1409.9700,2,2
2026-03-25,600519,13:29:37,1409.9900,2,1
2026-03-25,600519,13:29:40,1409.9900,5,1
2026-03-25,600519,13:29:43,1409.9700,2,1
2026-03-25,600519,13:29:49,1409.9900,2,1
2026-03-25,600519,13:29:52,1409.9200,2,2
2026-03-25,600519,13:29:55,1409.9000,1,2
2026-03-25,600519,13:29:58,1410.2400,2,1
2026-03-25,600519,13:30:01,1410.2400,1,1
2026-03-25,600519,13:30:07,1410.0200,1,2
2026-03-25,600519,13:30:10,1410.2200,1,1
2026-03-25,600519,13:30:13,1410.0900,1,2
2026-03-25,600519,13:30:22,1410.0900,5,2
2026-03-25,600519,13:30:25,1410.0000,7,2
2026-03-25,600519,13:30:28,1410.0000,1,2
2026-03-25,600519,13:30:31,1409.9900,4,2
2026-03-25,600519,13:30:34,1409.9000,12,2
2026-03-25,600519,13:30:37,1409.7200,7,1
2026-03-25,600519,13:30:43,1409.7100,1,1
2026-03-25,600519,13:30:49,1409.6600,3,1
2026-03-25,600519,13:30:52,1409.6801,1,1
2026-03-25,600519,13:30:55,1409.6899,2,1
2026-03-25,600519,13:30:58,1409.6899,1,1
2026-03-25,600519,13:31:04,1409.6899,1,1
2026-03-25,600519,13:31:10,1409.1300,12,2
2026-03-25,600519,13:31:13,1409.6300,2,1
2026-03-25,600519,13:31:16,1409.6801,1,1
2026-03-25,600519,13:31:19,1409.6801,1,1
2026-03-25,600519,13:31:22,1409.4700,2,1
2026-03-25,600519,13:31:31,1409.2100,5,2
2026-03-25,600519,13:31:34,1409.2100,41,1
2026-03-25,600519,13:31:37,1409.1700,8,1
2026-03-25,600519,13:31:40,1409.0000,1,2
2026-03-25,600519,13:31:46,1409.1600,1,1
2026-03-25,600519,13:31:52,1409.0900,15,2
2026-03-25,600519,13:31:55,1409.0900,2,1
2026-03-25,600519,13:31:58,1409.0900,1,1
2026-03-25,600519,13:32:01,1409.0900,4,2
2026-03-25,600519,13:32:04,1409.0100,4,2
2026-03-25,600519,13:32:07,1409.0800,4,1
2026-03-25,600519,13:32:13,1409.0900,1,2
2026-03-25,600519,13:32:16,1409.0900,1,2
2026-03-25,600519,13:32:19,1409.6500,2,1
2026-03-25,600519,13:32:22,1409.0900,2,2
2026-03-25,600519,13:32:25,1409.0100,17,2
2026-03-25,600519,13:32:28,1409.0000,2,2
2026-03-25,600519,13:32:31,1409.0000,1,2
2026-03-25,600519,13:32:37,1409.6801,1,1
2026-03-25,600519,13:32:40,1409.0000,4,2
2026-03-25,600519,13:32:43,1409.6700,1,1
2026-03-25,600519,13:32:46,1409.0000,2,2
2026-03-25,600519,13:32:49,1409.0200,2,2
2026-03-25,600519,13:32:52,1409.0200,2,2
2026-03-25,600519,13:32:55,1409.0400,25,2
2026-03-25,600519,13:32:58,1409.0000,2,2
2026-03-25,600519,13:33:01,1409.6801,8,1
2026-03-25,600519,13:33:04,1409.6801,3,1
2026-03-25,600519,13:33:07,1409.1801,5,2
2026-03-25,600519,13:33:10,1409.1200,1,2
2026-03-25,600519,13:33:19,1409.1600,8,1
2026-03-25,600519,13:33:22,1409.1600,1,2
2026-03-25,600519,13:33:25,1409.0500,4,2
2026-03-25,600519,13:33:31,1408.9000,17,2
2026-03-25,600519,13:33:34,1408.8400,6,2
2026-03-25,600519,13:33:37,1408.8101,2,2
2026-03-25,600519,13:33:40,1408.8300,1,1
2026-03-25,600519,13:33:43,1408.7800,1,2
2026-03-25,600519,13:33:49,1408.7100,2,2
2026-03-25,600519,13:33:52,1408.8000,2,1
2026-03-25,600519,13:33:55,1408.7100,4,2
2026-03-25,600519,13:33:58,1408.7100,2,2
2026-03-25,600519,13:34:01,1408.8199,3,1
2026-03-25,600519,13:34:04,1408.6899,7,2
2026-03-25,600519,13:34:07,1408.6600,4,2
2026-03-25,600519,13:34:10,1408.6801,1,1
2026-03-25,600519,13:34:16,1408.5500,2,2
2026-03-25,600519,13:34:19,1408.5100,3,2
2026-03-25,600519,13:34:22,1408.5800,6,1
2026-03-25,600519,13:34:25,1408.5900,10,1
2026-03-25,600519,13:34:28,1408.5100,1,2
2026-03-25,600519,13:34:31,1408.6801,3,1
2026-03-25,600519,13:34:34,1408.6899,2,1
2026-03-25,600519,13:34:43,1408.7000,2,2
2026-03-25,600519,13:34:46,1408.7000,1,2
2026-03-25,600519,13:34:52,1408.7900,2,1
2026-03-25,600519,13:34:55,1408.7000,1,2
2026-03-25,600519,13:34:58,1408.7900,11,1
2026-03-25,600519,13:35:04,1408.8199,4,1
2026-03-25,600519,13:35:13,1408.8199,1,1
2026-03-25,600519,13:35:16,1408.8101,4,2
2026-03-25,600519,13:35:19,1408.8101,1,2
2026-03-25,600519,13:35:28,1408.8199,3,4
2026-03-25,600519,13:35:34,1408.8300,2,1
2026-03-25,600519,13:35:40,1408.8199,2,2
2026-03-25,600519,13:35:46,1408.8300,3,1
2026-03-25,600519,13:35:52,1408.8300,2,2
2026-03-25,600519,13:35:55,1408.8300,1,1
2026-03-25,600519,13:36:01,1408.8101,1,2
2026-03-25,600519,13:36:04,1408.8600,7,1
2026-03-25,600519,13:36:07,1408.8400,2,2
2026-03-25,600519,13:36:10,1408.8600,5,1
2026-03-25,600519,13:36:13,1408.8600,1,1
2026-03-25,600519,13:36:16,1408.8400,4,2
2026-03-25,600519,13:36:22,1408.8600,1,1
2026-03-25,600519,13:36:25,1408.8600,2,1
2026-03-25,600519,13:36:28,1408.8199,2,2
2026-03-25,600519,13:36:31,1408.8500,1,1
2026-03-25,600519,13:36:34,1408.8600,5,1
2026-03-25,600519,13:36:37,1408.8600,3,1
2026-03-25,600519,13:36:46,1408.8400,3,2
2026-03-25,600519,13:36:52,1408.8199,9,2
2026-03-25,600519,13:36:55,1408.8300,2,1
2026-03-25,600519,13:36:58,1408.8101,1,2
2026-03-25,600519,13:37:01,1408.7300,7,2
2026-03-25,600519,13:37:04,1408.7300,2,2
2026-03-25,600519,13:37:10,1408.7400,4,2
2026-03-25,600519,13:37:13,1408.8000,1,1
2026-03-25,600519,13:37:16,1408.7500,2,2
2026-03-25,600519,13:37:19,1408.8000,1,1
2026-03-25,600519,13:37:22,1408.8000,1,1
2026-03-25,600519,13:37:25,1408.7500,1,2
2026-03-25,600519,13:37:28,1408.7900,2,1
2026-03-25,600519,13:37:31,1408.7900,1,1
2026-03-25,600519,13:37:34,1408.8199,41,1
2026-03-25,600519,13:37:37,1408.8400,34,1
2026-03-25,600519,13:37:40,1408.8700,4,2
2026-03-25,600519,13:37:43,1409.9100,8,1
2026-03-25,600519,13:37:46,1409.0100,1,2
2026-03-25,600519,13:37:58,1409.5699,2,1
2026-03-25,600519,13:38:04,1409.5699,1,1
2026-03-25,600519,13:38:10,1409.6400,1,1
2026-03-25,600519,13:38:13,1409.5800,1,2
2026-03-25,600519,13:38:16,1409.5800,9,2
2026-03-25,600519,13:38:19,1409.3700,5,2
2026-03-25,600519,13:38:22,1409.3400,6,1
2026-03-25,600519,13:38:25,1409.3199,2,1
2026-03-25,600519,13:38:28,1409.1200,9,1
2026-03-25,600519,13:38:31,1408.9700,4,2
2026-03-25,600519,13:38:34,1408.8600,4,2
2026-03-25,600519,13:38:37,1408.9800,2,1
2026-03-25,600519,13:38:40,1408.8800,1,2
2026-03-25,600519,13:38:43,1408.8500,7,2
2026-03-25,600519,13:38:49,1408.9500,2,1
2026-03-25,600519,13:38:52,1408.8101,5,2
2026-03-25,600519,13:38:55,1408.9500,1,1
2026-03-25,600519,13:38:58,1408.8500,1,2
2026-03-25,600519,13:39:01,1408.9399,4,1
2026-03-25,600519,13:39:04,1408.9399,1,1
2026-03-25,600519,13:39:07,1408.9301,1,1
2026-03-25,600519,13:39:10,1408.8700,3,2
2026-03-25,600519,13:39:13,1408.8700,3,2
2026-03-25,600519,13:39:19,1408.8600,3,2
2026-03-25,600519,13:39:22,1408.9200,3,1
2026-03-25,600519,13:39:25,1408.8000,4,2
2026-03-25,600519,13:39:28,1408.7500,27,2
2026-03-25,600519,13:39:31,1408.7500,8,2
2026-03-25,600519,13:39:34,1408.7400,7,2
2026-03-25,600519,13:39:37,1408.5900,13,2
2026-03-25,600519,13:39:40,1408.5100,3,2
2026-03-25,600519,13:39:43,1408.5300,7,1
2026-03-25,600519,13:39:46,1408.5000,3,2
2026-03-25,600519,13:39:49,1408.5300,4,1
2026-03-25,600519,13:39:52,1408.4700,2,1
2026-03-25,600519,13:39:55,1408.3800,2,2
2026-03-25,600519,13:39:58,1408.4800,2,1
2026-03-25,600519,13:40:01,1408.5000,6,1
2026-03-25,600519,13:40:04,1408.3800,1,2
2026-03-25,600519,13:40:07,1408.4700,1,1
2026-03-25,600519,13:40:13,1408.4700,4,1
2026-03-25,600519,13:40:19,1408.4600,1,1
2026-03-25,600519,13:40:22,1408.3900,8,2
2026-03-25,600519,13:40:25,1408.3101,5,2
2026-03-25,600519,13:40:28,1408.1500,9,2
2026-03-25,600519,13:40:31,1408.1300,7,2
2026-03-25,600519,13:40:34,1408.0800,10,2
2026-03-25,600519,13:40:37,1408.0699,6,4
2026-03-25,600519,13:40:40,1408.0699,3,1
2026-03-25,600519,13:40:43,1408.0000,47,2
2026-03-25,600519,13:40:46,1408.0800,112,1
2026-03-25,600519,13:40:49,1408.0000,4,2
2026-03-25,600519,13:40:52,1408.0500,6,1
2026-03-25,600519,13:40:55,1408.0000,2,2
2026-03-25,600519,13:41:01,1408.0300,1,1
2026-03-25,600519,13:41:04,1408.0200,2,1
2026-03-25,600519,13:41:07,1408.0200,1,4
2026-03-25,600519,13:41:10,1408.0000,3,2
2026-03-25,600519,13:41:13,1408.0000,6,2
2026-03-25,600519,13:41:16,1408.0100,8,1
2026-03-25,600519,13:41:19,1408.0000,2,2
2026-03-25,600519,13:41:25,1408.0100,2,2
2026-03-25,600519,13:41:28,1408.0200,3,1
2026-03-25,600519,13:41:31,1408.0200,6,1
2026-03-25,600519,13:41:34,1408.0200,1,1
2026-03-25,600519,13:41:37,1408.0300,23,1
2026-03-25,600519,13:41:40,1408.8000,2,1
2026-03-25,600519,13:41:46,1408.0000,27,2
2026-03-25,600519,13:41:49,1408.0000,9,2
2026-03-25,600519,13:41:52,1408.0000,18,2
2026-03-25,600519,13:41:55,1407.7800,31,2
2026-03-25,600519,13:41:58,1407.6000,10,2
2026-03-25,600519,13:42:01,1407.5200,7,2
2026-03-25,600519,13:42:04,1407.3300,14,2
2026-03-25,600519,13:42:07,1407.3000,5,2
2026-03-25,600519,13:42:10,1407.2600,3,1
2026-03-25,600519,13:42:13,1407.0601,11,2
2026-03-25,600519,13:42:16,1406.8101,74,2
2026-03-25,600519,13:42:19,1406.7700,8,2
2026-03-25,600519,13:42:22,1406.6300,3,2
2026-03-25,600519,13:42:25,1406.5300,2,2
2026-03-25,600519,13:42:28,1406.0000,53,2
2026-03-25,600519,13:42:31,1406.5300,14,1
2026-03-25,600519,13:42:34,1406.1700,37,2
2026-03-25,600519,13:42:37,1406.2000,5,2
2026-03-25,600519,13:42:40,1406.1801,14,2
2026-03-25,600519,13:42:43,1406.9600,18,1
2026-03-25,600519,13:42:46,1406.5300,7,2
2026-03-25,600519,13:42:49,1406.4399,43,2
2026-03-25,600519,13:42:52,1406.9900,10,1
2026-03-25,600519,13:42:55,1407.0400,1,1
2026-03-25,600519,13:42:58,1407.0400,4,1
2026-03-25,600519,13:43:01,1407.3101,6,1
2026-03-25,600519,13:43:04,1407.0699,4,2
2026-03-25,600519,13:43:07,1407.3101,3,1
2026-03-25,600519,13:43:13,1407.3101,2,2
2026-03-25,600519,13:43:16,1407.3101,3,1
2026-03-25,600519,13:43:19,1407.0900,4,2
2026-03-25,600519,13:43:22,1407.4200,9,1
2026-03-25,600519,13:43:25,1407.5200,1,1
2026-03-25,600519,13:43:28,1407.5200,2,1
2026-03-25,600519,13:43:31,1407.3800,5,2
2026-03-25,600519,13:43:34,1407.6000,4,1
2026-03-25,600519,13:43:37,1407.5699,8,2
2026-03-25,600519,13:43:40,1407.6200,4,1
2026-03-25,600519,13:43:46,1407.8199,3,1
2026-03-25,600519,13:43:49,1407.6700,3,2
2026-03-25,600519,13:43:52,1407.8400,52,1
2026-03-25,600519,13:43:55,1407.6400,4,2
2026-03-25,600519,13:43:58,1407.6400,1,1
2026-03-25,600519,13:44:01,1407.9700,7,1
2026-03-25,600519,13:44:04,1407.9900,2,1
2026-03-25,600519,13:44:07,1407.6400,2,2
2026-03-25,600519,13:44:10,1407.6400,2,2
2026-03-25,600519,13:44:13,1407.9800,2,1
2026-03-25,600519,13:44:16,1407.6500,5,2
2026-03-25,600519,13:44:19,1408.0000,4,1
2026-03-25,600519,13:44:22,1407.9900,4,2
2026-03-25,600519,13:44:25,1408.0000,3,1
2026-03-25,600519,13:44:31,1408.3800,8,1
2026-03-25,600519,13:44:34,1408.9000,10,1
2026-03-25,600519,13:44:37,1408.8900,1,1
2026-03-25,600519,13:44:40,1408.3800,1,2
2026-03-25,600519,13:44:43,1408.0000,16,2
2026-03-25,600519,13:44:46,1408.8600,12,1
2026-03-25,600519,13:44:49,1408.8700,5,1
2026-03-25,600519,13:44:52,1408.8700,4,1
2026-03-25,600519,13:44:55,1408.0000,9,2
2026-03-25,600519,13:44:58,1408.0000,2,2
2026-03-25,600519,13:45:01,1408.3800,11,1
2026-03-25,600519,13:45:04,1408.8700,2,1
2026-03-25,600519,13:45:07,1408.8700,3,1
2026-03-25,600519,13:45:10,1408.8700,2,1
2026-03-25,600519,13:45:13,1408.5200,3,2
2026-03-25,600519,13:45:16,1408.8700,1,1
2026-03-25,600519,13:45:19,1408.8700,1,2
2026-03-25,600519,13:45:22,1408.8800,5,1
2026-03-25,600519,13:45:25,1408.8700,5,2
2026-03-25,600519,13:45:28,1408.8900,12,1
2026-03-25,600519,13:45:34,1408.4700,5,2
2026-03-25,600519,13:45:37,1408.9200,3,1
2026-03-25,600519,13:45:43,1408.8000,4,1
2026-03-25,600519,13:45:46,1408.8000,1,1
2026-03-25,600519,13:45:49,1408.8000,1,1
2026-03-25,600519,13:45:52,1408.8000,2,1
2026-03-25,600519,13:45:55,1408.8900,2,1
2026-03-25,600519,13:45:58,1408.9000,12,1
2026-03-25,600519,13:46:01,1408.8101,1,2
2026-03-25,600519,13:46:10,1408.9000,0,2
2026-03-25,600519,13:46:13,1408.9000,1,2
2026-03-25,600519,13:46:16,1408.9100,2,1
2026-03-25,600519,13:46:22,1408.8600,1,2
2026-03-25,600519,13:46:25,1408.8300,1,2
2026-03-25,600519,13:46:28,1408.9100,4,1
2026-03-25,600519,13:46:37,1408.8199,12,2
2026-03-25,600519,13:46:40,1408.9000,2,1
2026-03-25,600519,13:46:43,1408.9301,12,1
2026-03-25,600519,13:46:46,1408.9100,5,2
2026-03-25,600519,13:46:49,1409.0800,15,1
2026-03-25,600519,13:46:52,1409.3500,4,1
2026-03-25,600519,13:46:55,1409.3600,3,1
2026-03-25,600519,13:46:58,1409.3300,3,2
2026-03-25,600519,13:47:01,1409.4700,2,1
2026-03-25,600519,13:47:04,1409.4700,3,1
2026-03-25,600519,13:47:07,1409.6400,1,1
2026-03-25,600519,13:47:10,1409.3900,7,2
2026-03-25,600519,13:47:13,1409.6700,1,1
2026-03-25,600519,13:47:16,1409.6100,3,2
2026-03-25,600519,13:47:19,1409.9301,1,1
2026-03-25,600519,13:47:25,1409.9301,3,1
2026-03-25,600519,13:47:28,1409.6400,6,2
2026-03-25,600519,13:47:31,1409.9100,4,1
2026-03-25,600519,13:47:34,1409.9100,3,1
2026-03-25,600519,13:47:40,1409.9100,3,1
2026-03-25,600519,13:47:43,1409.9100,4,1
2026-03-25,600519,13:47:46,1409.6200,1,2
2026-03-25,600519,13:47:49,1409.5601,6,2
2026-03-25,600519,13:47:52,1409.3500,4,2
2026-03-25,600519,13:47:55,1408.9100,2,2
2026-03-25,600519,13:47:58,1409.3500,7,1
2026-03-25,600519,13:48:01,1409.3500,5,1
2026-03-25,600519,13:48:04,1409.3400,1,1
2026-03-25,600519,13:48:07,1408.9500,5,2
2026-03-25,600519,13:48:10,1408.8000,3,2
2026-03-25,600519,13:48:16,1408.8400,1,1
2026-03-25,600519,13:48:19,1408.8300,6,1
2026-03-25,600519,13:48:22,1408.8000,3,2
2026-03-25,600519,13:48:28,1408.4500,1,2
2026-03-25,600519,13:48:31,1408.8000,2,1
2026-03-25,600519,13:48:34,1408.8000,2,1
2026-03-25,600519,13:48:37,1408.3600,2,1
2026-03-25,600519,13:48:40,1408.4600,4,1
2026-03-25,600519,13:48:43,1408.4600,2,2
2026-03-25,600519,13:48:49,1408.8199,3,1
2026-03-25,600519,13:48:52,1408.8199,4,1
2026-03-25,600519,13:48:55,1408.4100,2,2
2026-03-25,600519,13:48:58,1408.2900,13,2
2026-03-25,600519,13:49:01,1408.2800,3,1
2026-03-25,600519,13:49:04,1408.2900,11,1
2026-03-25,600519,13:49:07,1408.2900,3,2
2026-03-25,600519,13:49:10,1408.2600,6,2
2026-03-25,600519,13:49:16,1408.3000,1,1
2026-03-25,600519,13:49:19,1408.3000,1,1
2026-03-25,600519,13:49:22,1408.3000,2,1
2026-03-25,600519,13:49:34,1408.3101,3,2
2026-03-25,600519,13:49:37,1408.3000,7,2
2026-03-25,600519,13:49:40,1408.1000,8,2
2026-03-25,600519,13:49:43,1408.1000,4,1
2026-03-25,600519,13:49:46,1408.0000,8,2
2026-03-25,600519,13:49:49,1408.0000,1,2
2026-03-25,600519,13:49:52,1408.2500,6,1
2026-03-25,600519,13:49:55,1407.9800,3,2
2026-03-25,600519,13:49:58,1407.9800,2,2
2026-03-25,600519,13:50:01,1408.0000,4,1
2026-03-25,600519,13:50:04,1408.0000,5,1
2026-03-25,600519,13:50:07,1408.0100,6,1
2026-03-25,600519,13:50:10,1408.0000,4,1
2026-03-25,600519,13:50:13,1407.9900,1,1
2026-03-25,600519,13:50:16,1407.9900,1,1
2026-03-25,600519,13:50:19,1407.9600,2,2
2026-03-25,600519,13:50:22,1407.9700,1,2
2026-03-25,600519,13:50:25,1407.9301,9,2
2026-03-25,600519,13:50:28,1407.9600,5,1
2026-03-25,600519,13:50:31,1408.0000,14,1
2026-03-25,600519,13:50:34,1407.8101,6,2
2026-03-25,600519,13:50:37,1407.8199,2,2
2026-03-25,600519,13:50:43,1407.9700,1,1
2026-03-25,600519,13:50:46,1407.8000,1,2
2026-03-25,600519,13:50:49,1407.7200,3,2
2026-03-25,600519,13:50:52,1407.7800,5,1
2026-03-25,600519,13:50:55,1407.9800,3,1
2026-03-25,600519,13:50:58,1407.9800,1,1
2026-03-25,600519,13:51:04,1407.8000,2,2
2026-03-25,600519,13:51:07,1407.7900,2,2
2026-03-25,600519,13:51:13,1407.9900,13,1
2026-03-25,600519,13:51:19,1407.7100,6,2
2026-03-25,600519,13:51:22,1407.5000,19,2
2026-03-25,600519,13:51:25,1407.1899,11,2
2026-03-25,600519,13:51:28,1407.2900,14,1
2026-03-25,600519,13:51:31,1407.0200,15,2
2026-03-25,600519,13:51:34,1407.0000,2,2
2026-03-25,600519,13:51:37,1407.1700,1,1
2026-03-25,600519,13:51:40,1407.2800,1,1
2026-03-25,600519,13:51:43,1407.0000,9,2
2026-03-25,600519,13:51:46,1407.0000,5,1
2026-03-25,600519,13:51:49,1407.2800,2,1
2026-03-25,600519,13:51:52,1407.2900,1,1
2026-03-25,600519,13:51:55,1407.3900,5,1
2026-03-25,600519,13:51:58,1407.0300,7,2
2026-03-25,600519,13:52:01,1407.0000,5,2
2026-03-25,600519,13:52:04,1406.8900,2,2
2026-03-25,600519,13:52:07,1407.0000,3,2
2026-03-25,600519,13:52:10,1407.0000,4,2
2026-03-25,600519,13:52:13,1407.7200,2,1
2026-03-25,600519,13:52:16,1406.9500,3,2
2026-03-25,600519,13:52:19,1407.7100,5,1
2026-03-25,600519,13:52:25,1406.9100,2,2
2026-03-25,600519,13:52:28,1406.9000,1,2
2026-03-25,600519,13:52:31,1407.2900,2,1
2026-03-25,600519,13:52:34,1406.9000,4,2
2026-03-25,600519,13:52:40,1406.9000,3,2
2026-03-25,600519,13:52:43,1407.2800,1,1
2026-03-25,600519,13:52:46,1406.9301,1,2
2026-03-25,600519,13:52:49,1406.9000,3,2
2026-03-25,600519,13:52:52,1407.0400,4,1
2026-03-25,600519,13:52:55,1406.9000,4,2
2026-03-25,600519,13:52:58,1407.0400,6,1
2026-03-25,600519,13:53:01,1406.9600,3,2
2026-03-25,600519,13:53:04,1407.0400,4,1
2026-03-25,600519,13:53:07,1406.9700,4,2
2026-03-25,600519,13:53:10,1407.0699,9,1
2026-03-25,600519,13:53:13,1407.2800,8,1
2026-03-25,600519,13:53:16,1406.9500,7,2
2026-03-25,600519,13:53:19,1406.9301,7,2
2026-03-25,600519,13:53:22,1406.9000,4,2
2026-03-25,600519,13:53:25,1406.8900,5,2
2026-03-25,600519,13:53:28,1406.5000,16,2
2026-03-25,600519,13:53:31,1406.4399,6,2
2026-03-25,600519,13:53:34,1406.4399,6,1
2026-03-25,600519,13:53:37,1406.3700,4,1
2026-03-25,600519,13:53:40,1406.1500,1,2
2026-03-25,600519,13:53:43,1406.1000,4,2
2026-03-25,600519,13:53:46,1406.1000,1,2
2026-03-25,600519,13:53:49,1406.0900,8,4
2026-03-25,600519,13:53:52,1406.0900,15,1
2026-03-25,600519,13:53:55,1406.0800,3,1
2026-03-25,600519,13:53:58,1406.0000,62,2
2026-03-25,600519,13:54:01,1406.0800,18,1
2026-03-25,600519,13:54:04,1406.0800,7,1
2026-03-25,600519,13:54:07,1405.9800,7,2
2026-03-25,600519,13:54:10,1406.0000,3,2
2026-03-25,600519,13:54:13,1406.0400,4,1
2026-03-25,600519,13:54:16,1406.0500,2,1
2026-03-25,600519,13:54:19,1406.0000,9,2
2026-03-25,600519,13:54:22,1406.0500,4,1
2026-03-25,600519,13:54:25,1406.0100,4,2
2026-03-25,600519,13:54:28,1406.0500,7,1
2026-03-25,600519,13:54:31,1406.0601,5,1
2026-03-25,600519,13:54:34,1406.0500,5,1
2026-03-25,600519,13:54:37,1406.0500,7,1
2026-03-25,600519,13:54:40,1406.0500,5,1
2026-03-25,600519,13:54:43,1406.0500,3,1
2026-03-25,600519,13:54:46,1406.0601,5,1
2026-03-25,600519,13:54:49,1406.1500,1,1
2026-03-25,600519,13:54:52,1406.1600,3,1
2026-03-25,600519,13:54:55,1406.8300,1,1
2026-03-25,600519,13:54:58,1406.8199,4,1
2026-03-25,600519,13:55:01,1406.8400,9,1
2026-03-25,600519,13:55:04,1406.8400,1,1
2026-03-25,600519,13:55:07,1406.1801,5,2
2026-03-25,600519,13:55:10,1406.1600,7,2
2026-03-25,600519,13:55:13,1406.1801,3,1
2026-03-25,600519,13:55:16,1406.1801,6,1
2026-03-25,600519,13:55:19,1406.1000,2,2
2026-03-25,600519,13:55:22,1406.0699,16,2
2026-03-25,600519,13:55:25,1406.0500,2,2
2026-03-25,600519,13:55:28,1406.0699,2,1
2026-03-25,600519,13:55:31,1406.0601,8,1
2026-03-25,600519,13:55:34,1406.0601,2,1
2026-03-25,600519,13:55:37,1406.0601,5,1
2026-03-25,600519,13:55:40,1406.0601,4,1
2026-03-25,600519,13:55:43,1406.0500,1,1
2026-03-25,600519,13:55:46,1406.0100,1,2
2026-03-25,600519,13:55:49,1406.0300,3,1
2026-03-25,600519,13:55:52,1406.0000,24,2
2026-03-25,600519,13:55:55,1405.5800,1,2
2026-03-25,600519,13:55:58,1405.9700,2,1
2026-03-25,600519,13:56:04,1405.5601,1,2
2026-03-25,600519,13:56:07,1405.5500,3,2
2026-03-25,600519,13:56:10,1405.5500,4,2
2026-03-25,600519,13:56:13,1405.5699,1,2
2026-03-25,600519,13:56:16,1405.9200,1,1
2026-03-25,600519,13:56:19,1405.5699,3,2
2026-03-25,600519,13:56:22,1405.6000,9,1
2026-03-25,600519,13:56:25,1405.6200,4,2
2026-03-25,600519,13:56:28,1405.6000,4,2
2026-03-25,600519,13:56:31,1405.6100,4,2
2026-03-25,600519,13:56:34,1405.9200,7,1
2026-03-25,600519,13:56:37,1405.9000,2,1
2026-03-25,600519,13:56:43,1405.9000,1,1
2026-03-25,600519,13:56:46,1405.9000,3,2
2026-03-25,600519,13:56:49,1405.9100,1,1
2026-03-25,600519,13:56:52,1405.9301,23,1
2026-03-25,600519,13:56:55,1405.9100,4,2
2026-03-25,600519,13:56:58,1405.9301,3,1
2026-03-25,600519,13:57:01,1405.9100,5,2
2026-03-25,600519,13:57:04,1405.9301,4,1
2026-03-25,600519,13:57:07,1405.9301,2,1
2026-03-25,600519,13:57:10,1405.8600,1,2
2026-03-25,600519,13:57:13,1405.9301,10,1
2026-03-25,600519,13:57:16,1405.9399,10,1
2026-03-25,600519,13:57:19,1406.0000,19,1
2026-03-25,600519,13:57:22,1405.9500,3,2
2026-03-25,600519,13:57:25,1405.9900,5,1
2026-03-25,600519,13:57:28,1406.0000,4,1
2026-03-25,600519,13:57:31,1406.0000,13,1
2026-03-25,600519,13:57:34,1406.0000,4,2
2026-03-25,600519,13:57:37,1405.9700,1,1
2026-03-25,600519,13:57:40,1406.0200,4,1
2026-03-25,600519,13:57:43,1406.0000,2,2
2026-03-25,600519,13:57:46,1406.0000,6,2
2026-03-25,600519,13:57:49,1405.9700,5,2
2026-03-25,600519,13:57:52,1406.0100,2,1
2026-03-25,600519,13:57:58,1405.9200,2,2
2026-03-25,600519,13:58:01,1406.0699,10,1
2026-03-25,600519,13:58:04,1405.9301,3,2
2026-03-25,600519,13:58:07,1406.0699,11,1
2026-03-25,600519,13:58:10,1406.1600,2,1
2026-03-25,600519,13:58:13,1406.0699,6,2
2026-03-25,600519,13:58:16,1406.0699,5,2
2026-03-25,600519,13:58:19,1406.1700,5,1
2026-03-25,600519,13:58:25,1406.1700,5,1
2026-03-25,600519,13:58:28,1406.1801,5,1
2026-03-25,600519,13:58:31,1406.1801,2,1
2026-03-25,600519,13:58:37,1406.6300,3,1
2026-03-25,600519,13:58:40,1406.6300,1,1
2026-03-25,600519,13:58:43,1406.6300,1,1
2026-03-25,600519,13:58:46,1406.2100,2,2
2026-03-25,600519,13:58:52,1406.2000,1,2
2026-03-25,600519,13:58:58,1406.5900,3,1
2026-03-25,600519,13:59:01,1406.2000,3,2
2026-03-25,600519,13:59:07,1406.5000,1,1
2026-03-25,600519,13:59:10,1406.5500,3,1
2026-03-25,600519,13:59:13,1406.5300,1,1
2026-03-25,600519,13:59:16,1406.5400,3,1
2026-03-25,600519,13:59:19,1406.5300,1,1
2026-03-25,600519,13:59:22,1406.5300,4,1
2026-03-25,600519,13:59:28,1406.2500,1,2
2026-03-25,600519,13:59:31,1406.2500,5,1
2026-03-25,600519,10:21:10,1411.5900,24,1
2026-03-25,600519,10:21:13,1411.6000,12,1
2026-03-25,600519,10:21:16,1411.6000,1,2
2026-03-25,600519,10:21:22,1411.7100,1,2
2026-03-25,600519,10:21:25,1411.6000,3,2
2026-03-25,600519,10:21:28,1411.8199,2,1
2026-03-25,600519,10:21:31,1411.7900,3,1
2026-03-25,600519,10:21:34,1411.8700,8,1
2026-03-25,600519,10:21:37,1411.8700,4,2
2026-03-25,600519,10:21:40,1411.6000,12,2
2026-03-25,600519,10:21:43,1411.6700,4,1
2026-03-25,600519,10:21:46,1411.5000,2,2
2026-03-25,600519,10:21:49,1411.5000,2,2
2026-03-25,600519,10:21:52,1411.4900,5,1
2026-03-25,600519,10:21:55,1411.5500,5,1
2026-03-25,600519,10:21:58,1411.5699,3,1
2026-03-25,600519,10:22:01,1411.5300,8,2
2026-03-25,600519,10:22:04,1411.6000,3,1
2026-03-25,600519,10:22:07,1411.6300,2,4
2026-03-25,600519,10:22:10,1411.6000,5,2
2026-03-25,600519,10:22:13,1411.6100,1,2
2026-03-25,600519,10:22:16,1411.6000,6,2
2026-03-25,600519,10:22:19,1411.6000,13,2
2026-03-25,600519,10:22:22,1411.5000,3,2
2026-03-25,600519,10:22:25,1411.4600,6,2
2026-03-25,600519,10:22:28,1411.4600,9,2
2026-03-25,600519,10:22:31,1411.4200,14,2
2026-03-25,600519,10:22:34,1411.3000,5,2
2026-03-25,600519,10:22:37,1411.1700,10,2
2026-03-25,600519,10:22:40,1411.1600,4,2
2026-03-25,600519,10:22:46,1411.1600,1,1
2026-03-25,600519,10:22:49,1411.0500,3,2
2026-03-25,600519,10:22:52,1411.1000,3,1
2026-03-25,600519,10:22:55,1411.0400,1,4
2026-03-25,600519,10:22:58,1411.0100,8,2
2026-03-25,600519,10:23:01,1411.0300,4,1
2026-03-25,600519,10:23:04,1411.0699,2,1
2026-03-25,600519,10:23:07,1411.0601,3,2
2026-03-25,600519,10:23:10,1411.0000,1,2
2026-03-25,600519,10:23:13,1410.3600,38,2
2026-03-25,600519,10:23:16,1410.9900,14,1
2026-03-25,600519,10:23:19,1410.3700,5,1
2026-03-25,600519,10:23:22,1410.0300,1,2
2026-03-25,600519,10:23:25,1410.3600,2,1
2026-03-25,600519,10:23:31,1410.0100,4,2
2026-03-25,600519,10:23:34,1410.0000,1,2
2026-03-25,600519,10:23:40,1410.0100,2,2
2026-03-25,600519,10:23:49,1410.0100,2,2
2026-03-25,600519,10:23:52,1410.0699,2,1
2026-03-25,600519,10:23:55,1410.0000,2,2
2026-03-25,600519,10:23:58,1410.0100,4,1
2026-03-25,600519,10:24:01,1410.0000,11,2
2026-03-25,600519,10:24:04,1410.0000,3,2
2026-03-25,600519,10:24:07,1410.0000,17,2
2026-03-25,600519,10:24:10,1409.9900,1,1
2026-03-25,600519,10:24:13,1409.9600,2,1
2026-03-25,600519,10:24:16,1409.8101,1,2
2026-03-25,600519,10:24:19,1409.8000,1,2
2026-03-25,600519,10:24:22,1409.8000,2,2
2026-03-25,600519,10:24:25,1409.8000,2,1
2026-03-25,600519,10:24:28,1409.7800,2,1
2026-03-25,600519,10:24:34,1409.7300,1,1
2026-03-25,600519,10:24:40,1409.7000,8,1
2026-03-25,600519,10:24:46,1409.6500,2,2
2026-03-25,600519,10:24:49,1409.6500,2,2
2026-03-25,600519,10:24:52,1409.7000,2,2
2026-03-25,600519,10:24:58,1409.6600,4,2
2026-03-25,600519,10:25:01,1409.7000,2,1
2026-03-25,600519,10:25:04,1409.7000,2,1
2026-03-25,600519,10:25:07,1409.7000,2,2
2026-03-25,600519,10:25:10,1409.6899,1,2
2026-03-25,600519,10:25:13,1409.7000,2,1
2026-03-25,600519,10:25:16,1409.7000,1,4
2026-03-25,600519,10:25:19,1409.7100,1,1
2026-03-25,600519,10:25:25,1409.7200,1,1
2026-03-25,600519,10:25:28,1409.7100,4,2
2026-03-25,600519,10:25:31,1409.7000,3,2
2026-03-25,600519,10:25:34,1409.7000,1,2
2026-03-25,600519,10:25:37,1409.7500,3,1
2026-03-25,600519,10:25:40,1409.7000,1,1
2026-03-25,600519,10:25:43,1409.6700,5,2
2026-03-25,600519,10:25:49,1409.6700,7,2
2026-03-25,600519,10:25:52,1409.6600,5,2
2026-03-25,600519,10:25:58,1409.6600,12,2
2026-03-25,600519,10:26:01,1409.7700,3,1
2026-03-25,600519,10:26:04,1409.6000,9,2
2026-03-25,600519,10:26:07,1409.5900,14,1
2026-03-25,600519,10:26:10,1409.7100,10,1
2026-03-25,600519,10:26:16,1409.7800,1,1
2026-03-25,600519,10:26:19,1409.7400,3,2
2026-03-25,600519,10:26:22,1409.7800,1,1
2026-03-25,600519,10:26:25,1409.8000,7,1
2026-03-25,600519,10:26:28,1409.9301,2,1
2026-03-25,600519,10:26:31,1409.9700,2,1
2026-03-25,600519,10:26:34,1410.0000,1,1
2026-03-25,600519,10:26:37,1410.0000,6,1
2026-03-25,600519,10:26:40,1410.0000,4,1
2026-03-25,600519,10:26:43,1410.0100,2,1
2026-03-25,600519,10:26:46,1410.0100,4,1
2026-03-25,600519,10:26:49,1410.0000,2,2
2026-03-25,600519,10:26:52,1410.0100,1,1
2026-03-25,600519,10:26:55,1410.0000,10,2
2026-03-25,600519,10:26:58,1410.0000,5,2
2026-03-25,600519,10:27:01,1410.0100,3,1
2026-03-25,600519,10:27:04,1410.0000,5,2
2026-03-25,600519,10:27:07,1410.0100,12,1
2026-03-25,600519,10:27:10,1409.8199,1,2
2026-03-25,600519,10:27:13,1409.7900,9,2
2026-03-25,600519,10:27:16,1409.7900,2,2
2026-03-25,600519,10:27:19,1409.7900,6,2
2026-03-25,600519,10:27:22,1409.8101,2,1
2026-03-25,600519,10:27:25,1409.7900,6,2
2026-03-25,600519,10:27:28,1409.6000,5,2
2026-03-25,600519,10:27:31,1409.5800,1,2
2026-03-25,600519,10:27:34,1409.5400,6,2
2026-03-25,600519,10:27:40,1409.5100,6,2
2026-03-25,600519,10:27:43,1409.5100,3,2
2026-03-25,600519,10:27:46,1409.5100,8,1
2026-03-25,600519,10:27:55,1409.4700,4,2
2026-03-25,600519,10:27:58,1409.5000,1,1
2026-03-25,600519,10:28:01,1409.4399,4,2
2026-03-25,600519,10:28:04,1409.4900,1,1
2026-03-25,600519,10:28:07,1409.4700,2,2
2026-03-25,600519,10:28:10,1409.4800,1,1
2026-03-25,600519,10:28:13,1409.4700,2,2
2026-03-25,600519,10:28:16,1409.3600,1,2
2026-03-25,600519,10:28:19,1409.4700,2,1
2026-03-25,600519,10:28:31,1409.4800,1,1
2026-03-25,600519,10:28:34,1409.4700,2,2
2026-03-25,600519,10:28:37,1409.0000,33,2
2026-03-25,600519,10:28:40,1409.4800,3,4
2026-03-25,600519,10:28:43,1409.4900,10,1
2026-03-25,600519,10:28:46,1409.0000,4,2
2026-03-25,600519,10:28:52,1409.0000,1,2
2026-03-25,600519,10:28:55,1409.4900,46,1
2026-03-25,600519,10:28:58,1409.5000,2,2
2026-03-25,600519,10:29:01,1409.0200,7,2
2026-03-25,600519,10:29:04,1410.0699,24,1
2026-03-25,600519,10:29:07,1410.2100,14,1
2026-03-25,600519,10:29:13,1410.2100,1,1
2026-03-25,600519,10:29:16,1410.2100,1,1
2026-03-25,600519,10:29:19,1410.2100,5,1
2026-03-25,600519,10:29:22,1410.2200,2,1
2026-03-25,600519,10:29:25,1410.2200,3,1
2026-03-25,600519,10:29:28,1410.3000,1,1
2026-03-25,600519,10:29:34,1410.3000,3,1
2026-03-25,600519,10:29:40,1410.3000,1,2
2026-03-25,600519,10:29:46,1410.3600,2,1
2026-03-25,600519,10:29:49,1410.3300,8,2
2026-03-25,600519,10:29:55,1410.3500,11,2
2026-03-25,600519,10:29:58,1410.9900,2,1
2026-03-25,600519,10:30:01,1411.0000,4,1
2026-03-25,600519,10:30:07,1410.7000,1,1
2026-03-25,600519,10:30:10,1410.3700,5,2
2026-03-25,600519,10:30:16,1410.3300,10,2
2026-03-25,600519,10:30:19,1410.3101,12,2
2026-03-25,600519,10:30:22,1410.0000,1,2
2026-03-25,600519,10:30:25,1409.6400,4,2
2026-03-25,600519,10:30:28,1410.1801,10,1
2026-03-25,600519,10:30:31,1409.5000,8,2
2026-03-25,600519,10:30:34,1409.4900,2,2
2026-03-25,600519,10:30:37,1409.2100,8,2
2026-03-25,600519,10:30:43,1409.0100,8,2
2026-03-25,600519,10:30:46,1409.1600,8,1
2026-03-25,600519,10:30:49,1409.0200,1,2
2026-03-25,600519,10:30:52,1409.4800,20,1
2026-03-25,600519,10:30:55,1410.3000,1,1
2026-03-25,600519,10:31:04,1409.4900,10,2
2026-03-25,600519,10:31:07,1410.3600,17,1
2026-03-25,600519,10:31:10,1410.2700,2,1
2026-03-25,600519,10:31:13,1409.5300,5,2
2026-03-25,600519,10:31:16,1410.3400,2,1
2026-03-25,600519,10:31:19,1410.3500,2,1
2026-03-25,600519,10:31:22,1409.3500,1,2
2026-03-25,600519,10:31:25,1409.3400,7,2
2026-03-25,600519,10:31:31,1410.3300,1,1
2026-03-25,600519,10:31:34,1410.3300,1,1
2026-03-25,600519,10:31:40,1409.7800,1,2
2026-03-25,600519,10:31:46,1410.0000,1,1
2026-03-25,600519,10:31:49,1409.7900,5,2
2026-03-25,600519,10:31:52,1409.7700,41,2
2026-03-25,600519,10:31:55,1410.8900,12,1
2026-03-25,600519,10:31:58,1410.8900,11,1
2026-03-25,600519,10:32:10,1410.8600,1,1
2026-03-25,600519,10:32:13,1410.8700,7,1
2026-03-25,600519,10:32:22,1410.5000,20,1
2026-03-25,600519,10:32:25,1409.8000,8,2
2026-03-25,600519,10:32:28,1410.8600,1,1
2026-03-25,600519,10:32:31,1410.8600,3,1
2026-03-25,600519,10:32:34,1409.8700,2,2
2026-03-25,600519,10:32:37,1410.8500,1,1
2026-03-25,600519,10:32:43,1410.8500,1,1
2026-03-25,600519,10:32:46,1409.8800,3,2
2026-03-25,600519,10:32:49,1409.8900,1,2
2026-03-25,600519,10:32:52,1409.9100,2,2
2026-03-25,600519,10:32:55,1410.8500,1,1
2026-03-25,600519,10:33:01,1410.8600,1,1
2026-03-25,600519,10:33:07,1409.9200,1,2
2026-03-25,600519,10:33:13,1410.8000,10,1
2026-03-25,600519,10:33:16,1409.9000,4,2
2026-03-25,600519,10:33:19,1409.9200,22,1
2026-03-25,600519,10:33:22,1409.9200,12,2
2026-03-25,600519,10:33:25,1409.5699,1,2
2026-03-25,600519,10:33:31,1409.5699,3,2
2026-03-25,600519,10:33:34,1409.8900,1,1
2026-03-25,600519,10:33:37,1409.8800,7,1
2026-03-25,600519,10:33:40,1409.9200,8,1
2026-03-25,600519,10:33:43,1409.9500,7,1
2026-03-25,600519,10:33:46,1409.9600,2,2
2026-03-25,600519,10:33:55,1409.9800,2,2
2026-03-25,600519,10:33:58,1409.9600,3,2
2026-03-25,600519,10:34:04,1409.9800,7,2
2026-03-25,600519,10:34:07,1409.9800,4,2
2026-03-25,600519,10:34:10,1410.7900,2,1
2026-03-25,600519,10:34:13,1410.8000,3,1
2026-03-25,600519,10:34:16,1410.7900,1,1
2026-03-25,600519,10:34:19,1410.0000,5,2
2026-03-25,600519,10:34:22,1410.7900,3,1
2026-03-25,600519,10:34:25,1410.7900,12,1
2026-03-25,600519,10:34:28,1409.9500,1,2
2026-03-25,600519,10:34:31,1410.7800,2,1
2026-03-25,600519,10:34:55,1409.9700,3,2
2026-03-25,600519,10:35:01,1410.7200,3,1
2026-03-25,600519,10:35:04,1409.8700,13,2
2026-03-25,600519,10:35:07,1409.6899,1,2
2026-03-25,600519,10:35:10,1409.3500,5,2
2026-03-25,600519,10:35:22,1409.3500,1,2
2026-03-25,600519,10:35:25,1409.3400,6,2
2026-03-25,600519,10:35:28,1409.4500,17,2
2026-03-25,600519,10:35:31,1409.9900,39,1
2026-03-25,600519,10:35:34,1409.9900,5,1
2026-03-25,600519,10:35:37,1409.9900,2,1
2026-03-25,600519,10:35:40,1409.5800,1,2
2026-03-25,600519,10:35:43,1409.9800,2,1
2026-03-25,600519,10:35:46,1409.9800,1,1
2026-03-25,600519,10:35:49,1409.5900,1,2
2026-03-25,600519,10:35:55,1409.9800,1,1
2026-03-25,600519,10:35:58,1410.0100,11,1
2026-03-25,600519,10:36:01,1410.0100,4,2
2026-03-25,600519,10:36:04,1410.0100,3,2
2026-03-25,600519,10:36:07,1410.0100,1,2
2026-03-25,600519,10:36:16,1409.6000,1,2
2026-03-25,600519,10:36:19,1409.5900,1,2
2026-03-25,600519,10:36:22,1410.0000,5,1
2026-03-25,600519,10:36:25,1409.5800,2,2
2026-03-25,600519,10:36:28,1409.5800,1,2
2026-03-25,600519,10:36:37,1409.5800,1,1
2026-03-25,600519,10:36:43,1409.9700,3,1
2026-03-25,600519,10:36:49,1409.3700,2,2
2026-03-25,600519,10:36:55,1409.9900,3,1
2026-03-25,600519,10:37:01,1409.5900,4,2
2026-03-25,600519,10:37:04,1409.6000,5,2
2026-03-25,600519,10:37:07,1409.6000,1,1
2026-03-25,600519,10:37:10,1409.4800,3,2
2026-03-25,600519,10:37:13,1409.5900,4,1
2026-03-25,600519,10:37:16,1409.3700,7,2
2026-03-25,600519,10:37:19,1409.3700,1,1
2026-03-25,600519,10:37:22,1409.3700,4,1
2026-03-25,600519,10:37:28,1409.3500,4,2
2026-03-25,600519,10:37:31,1409.3500,1,1
2026-03-25,600519,10:37:34,1409.0500,1,2
2026-03-25,600519,10:37:37,1409.0699,1,2
2026-03-25,600519,10:37:43,1409.3199,12,1
2026-03-25,600519,10:37:46,1409.0000,13,2
2026-03-25,600519,10:37:52,1409.0000,4,2
2026-03-25,600519,10:37:55,1408.9301,15,2
2026-03-25,600519,10:37:58,1408.8800,3,2
2026-03-25,600519,10:38:07,1408.8800,2,2
2026-03-25,600519,10:38:10,1409.0000,29,1
2026-03-25,600519,10:38:13,1409.1600,4,1
2026-03-25,600519,10:38:16,1408.8800,27,2
2026-03-25,600519,10:38:19,1409.1700,1,1
2026-03-25,600519,10:38:25,1408.8800,2,2
2026-03-25,600519,10:38:28,1409.3199,27,1
2026-03-25,600519,10:38:37,1409.3199,2,1
2026-03-25,600519,10:38:40,1409.3400,26,1
2026-03-25,600519,10:38:43,1409.3199,3,2
2026-03-25,600519,10:38:46,1408.1500,1,2
2026-03-25,600519,10:38:52,1408.0000,88,2
2026-03-25,600519,10:38:55,1409.1600,21,1
2026-03-25,600519,10:38:58,1408.1801,2,2
2026-03-25,600519,10:39:01,1409.1100,3,1
2026-03-25,600519,10:39:07,1409.1600,1,1
2026-03-25,600519,10:39:10,1408.1100,1,2
2026-03-25,600519,10:39:16,1408.1801,1,2
2026-03-25,600519,10:39:19,1408.0300,7,2
2026-03-25,600519,10:39:25,1408.1801,3,2
2026-03-25,600519,10:39:31,1408.1899,1,2
2026-03-25,600519,10:39:34,1408.1899,3,2
2026-03-25,600519,10:39:40,1408.1899,3,2
2026-03-25,600519,10:39:43,1408.1801,17,2
2026-03-25,600519,10:39:46,1407.8101,14,2
2026-03-25,600519,10:39:49,1408.9500,10,1
2026-03-25,600519,10:39:52,1407.6600,4,2
2026-03-25,600519,10:39:55,1407.5200,3,2
2026-03-25,600519,10:39:58,1407.5400,3,2
2026-03-25,600519,10:40:01,1407.5400,2,2
2026-03-25,600519,10:40:04,1407.5400,3,2
2026-03-25,600519,10:40:07,1408.1400,8,1
2026-03-25,600519,10:40:10,1408.1500,12,1
2026-03-25,600519,10:40:13,1408.1500,2,1
2026-03-25,600519,10:40:19,1408.9200,6,1
2026-03-25,600519,10:40:34,1408.1500,4,2
2026-03-25,600519,10:40:37,1408.8400,1,1
2026-03-25,600519,10:40:43,1408.0000,7,2
2026-03-25,600519,10:40:46,1407.5601,7,2
2026-03-25,600519,10:40:49,1407.8000,2,1
2026-03-25,600519,10:40:55,1407.9600,3,1
2026-03-25,600519,10:40:58,1407.9600,5,1
2026-03-25,600519,10:41:01,1407.9700,3,1
2026-03-25,600519,10:41:04,1407.9600,2,2
2026-03-25,600519,10:41:07,1407.9600,4,2
2026-03-25,600519,10:41:10,1407.9600,3,1
2026-03-25,600519,10:41:13,1407.5900,2,2
2026-03-25,600519,10:41:16,1407.5900,1,1
2026-03-25,600519,10:41:19,1407.9700,9,1
2026-03-25,600519,10:41:22,1408.0500,88,1
2026-03-25,600519,10:41:25,1408.0100,6,2
2026-03-25,600519,10:41:28,1408.0000,1,1
2026-03-25,600519,10:41:34,1408.1700,5,2
2026-03-25,600519,10:41:40,1408.1500,15,2
2026-03-25,600519,10:41:43,1409.2300,7,1
2026-03-25,600519,10:41:46,1409.2300,4,1
2026-03-25,600519,10:41:49,1409.2600,3,1
2026-03-25,600519,10:41:52,1409.3600,13,1
2026-03-25,600519,10:41:55,1409.5900,5,1
2026-03-25,600519,10:41:58,1409.8000,2,1
2026-03-25,600519,10:42:01,1409.2800,4,2
2026-03-25,600519,10:42:07,1409.9200,1,1
2026-03-25,600519,10:42:10,1409.2700,2,2
2026-03-25,600519,10:42:13,1409.0000,2,2
2026-03-25,600519,10:42:16,1408.2500,1,2
2026-03-25,600519,10:42:19,1408.2000,4,2
2026-03-25,600519,10:42:22,1408.2000,2,2
2026-03-25,600519,10:42:25,1409.3700,5,1
2026-03-25,600519,10:42:28,1408.2200,2,2
2026-03-25,600519,10:42:37,1409.3800,2,1
2026-03-25,600519,10:42:40,1409.3600,2,1
2026-03-25,600519,10:42:46,1409.3900,17,1
2026-03-25,600519,10:42:49,1409.4000,4,2
2026-03-25,600519,10:42:52,1409.3700,2,1
2026-03-25,600519,10:42:55,1409.6000,3,1
2026-03-25,600519,10:43:01,1409.3700,3,2
2026-03-25,600519,10:43:04,1409.6000,1,2
2026-03-25,600519,10:43:07,1409.1500,2,2
2026-03-25,600519,10:43:10,1409.3101,9,1
2026-03-25,600519,10:43:13,1408.7900,2,2
2026-03-25,600519,10:43:19,1408.8300,2,2
2026-03-25,600519,10:43:25,1409.0000,3,1
2026-03-25,600519,10:43:28,1408.8199,2,2
2026-03-25,600519,10:43:31,1408.8199,1,2
2026-03-25,600519,10:43:34,1408.8199,1,2
2026-03-25,600519,10:43:37,1408.8101,4,1
2026-03-25,600519,10:43:40,1408.8000,1,1
2026-03-25,600519,10:43:43,1408.3400,10,2
2026-03-25,600519,10:43:46,1408.8101,2,1
2026-03-25,600519,10:43:49,1408.8000,1,1
2026-03-25,600519,10:43:55,1408.8101,4,1
2026-03-25,600519,10:43:58,1408.3500,1,2
2026-03-25,600519,10:44:04,1408.5800,2,1
2026-03-25,600519,10:44:07,1408.6000,6,1
2026-03-25,600519,10:44:10,1408.3600,5,2
2026-03-25,600519,10:44:13,1408.5900,1,1
2026-03-25,600519,10:44:16,1408.5900,3,1
2026-03-25,600519,10:44:22,1408.5800,2,1
2026-03-25,600519,10:44:25,1408.5800,5,1
2026-03-25,600519,10:44:34,1408.5800,1,1
2026-03-25,600519,10:44:37,1408.5800,3,1
2026-03-25,600519,10:44:40,1408.5699,1,2
2026-03-25,600519,10:44:43,1408.5800,3,1
2026-03-25,600519,10:44:46,1408.5800,3,1
2026-03-25,600519,10:44:52,1408.5900,5,1
2026-03-25,600519,10:44:55,1408.5900,4,1
2026-03-25,600519,10:45:01,1408.8199,2,1
2026-03-25,600519,10:45:04,1408.8101,2,1
2026-03-25,600519,10:45:07,1409.0601,3,1
2026-03-25,600519,10:45:13,1409.0000,1,1
2026-03-25,600519,10:45:16,1409.0601,1,1
2026-03-25,600519,10:45:19,1409.0900,7,1
2026-03-25,600519,10:45:22,1409.1100,5,1
2026-03-25,600519,10:45:25,1409.1000,8,4
2026-03-25,600519,10:45:28,1409.0699,10,2
2026-03-25,600519,10:45:31,1409.0699,3,1
2026-03-25,600519,10:45:34,1408.6600,2,2
2026-03-25,600519,10:45:40,1409.0601,3,1
2026-03-25,600519,10:45:46,1409.0000,2,1
2026-03-25,600519,10:45:49,1408.6700,1,2
2026-03-25,600519,10:45:52,1408.8900,3,2
2026-03-25,600519,10:45:55,1409.0500,1,1
2026-03-25,600519,10:45:58,1409.0900,1,1
2026-03-25,600519,10:46:01,1409.0601,5,2
2026-03-25,600519,10:46:04,1409.0500,2,2
2026-03-25,600519,10:46:07,1409.0000,4,2
2026-03-25,600519,10:46:10,1409.0000,2,1
2026-03-25,600519,10:46:13,1409.1100,7,1
2026-03-25,600519,10:46:19,1409.1200,3,1
2026-03-25,600519,10:46:25,1409.5800,2,1
2026-03-25,600519,10:46:40,1409.5699,1,1
2026-03-25,600519,10:46:43,1409.1600,2,2
2026-03-25,600519,10:46:52,1409.1700,5,2
2026-03-25,600519,10:46:58,1409.3500,15,1
2026-03-25,600519,10:47:01,1409.1300,3,2
2026-03-25,600519,10:47:04,1409.1500,2,1
2026-03-25,600519,10:47:07,1409.1400,2,4
2026-03-25,600519,10:47:10,1409.1400,2,1
2026-03-25,600519,10:47:13,1409.1500,6,1
2026-03-25,600519,10:47:16,1409.5800,3,1
2026-03-25,600519,10:47:19,1409.1400,4,2
2026-03-25,600519,10:47:25,1409.3900,4,1
2026-03-25,600519,10:47:28,1409.1500,1,2
2026-03-25,600519,10:47:31,1409.5900,2,1
2026-03-25,600519,10:47:34,1409.5900,3,1
2026-03-25,600519,10:47:37,1409.2000,5,2
2026-03-25,600519,10:47:40,1409.8700,1,1
2026-03-25,600519,10:47:49,1409.8700,2,1
2026-03-25,600519,10:47:52,1409.8600,3,1
2026-03-25,600519,10:47:58,1409.8700,1,1
2026-03-25,600519,10:48:01,1409.1500,4,2
2026-03-25,600519,10:48:07,1409.8500,5,1
2026-03-25,600519,10:48:10,1409.8500,1,1
2026-03-25,600519,10:48:16,1409.8500,3,1
2026-03-25,600519,10:48:19,1409.8500,5,1
2026-03-25,600519,10:48:22,1409.6300,2,1
2026-03-25,600519,10:48:25,1409.6300,1,1
2026-03-25,600519,10:48:34,1409.6200,5,1
2026-03-25,600519,10:48:37,1409.6300,1,1
2026-03-25,600519,10:48:40,1409.4301,1,1
2026-03-25,600519,10:48:43,1409.1700,2,2
2026-03-25,600519,10:48:52,1409.2000,2,2
2026-03-25,600519,10:48:55,1408.5800,53,2
2026-03-25,600519,10:48:58,1409.0000,7,1
