date,code,time,price,volume,bs
2026-04-07,601012,14:06:38,16.5200,101,2
2026-04-07,601012,14:06:41,16.5300,48,1
2026-04-07,601012,14:06:44,16.5300,16,1
2026-04-07,601012,14:06:47,16.5300,16,1
2026-04-07,601012,14:06:50,16.5300,111,1
2026-04-07,601012,14:06:53,16.5300,66,1
2026-04-07,601012,14:06:56,16.5300,31,1
2026-04-07,601012,14:07:02,16.5200,67,2
2026-04-07,601012,14:07:05,16.5200,147,2
2026-04-07,601012,14:07:08,16.5200,2,2
2026-04-07,601012,14:07:11,16.5200,74,2
2026-04-07,601012,14:07:14,16.5200,100,2
2026-04-07,601012,14:07:17,16.5200,75,2
2026-04-07,601012,14:07:20,16.5300,299,1
2026-04-07,601012,14:07:23,16.5200,107,2
2026-04-07,601012,14:07:26,16.5300,244,1
2026-04-07,601012,14:07:29,16.5300,56,1
2026-04-07,601012,14:07:32,16.5300,161,1
2026-04-07,601012,14:07:35,16.5300,82,2
2026-04-07,601012,14:07:38,16.5300,11,2
2026-04-07,601012,14:07:44,16.5300,35,2
2026-04-07,601012,14:07:47,16.5300,62,1
2026-04-07,601012,14:07:50,16.5300,222,1
2026-04-07,601012,14:07:53,16.5300,116,2
2026-04-07,601012,14:07:56,16.5300,26,2
2026-04-07,601012,14:07:59,16.5300,23,2
2026-04-07,601012,14:08:02,16.5300,22,2
2026-04-07,601012,14:08:05,16.5300,85,2
2026-04-07,601012,14:08:08,16.5400,71,1
2026-04-07,601012,14:08:11,16.5300,67,2
2026-04-07,601012,14:08:14,16.5300,4,2
2026-04-07,601012,14:08:17,16.5400,74,1
2026-04-07,601012,14:08:20,16.5300,58,2
2026-04-07,601012,14:08:23,16.5300,19,2
2026-04-07,601012,14:08:26,16.5300,8,2
2026-04-07,601012,14:08:32,16.5300,40,2
2026-04-07,601012,14:08:35,16.5300,69,2
2026-04-07,601012,14:08:38,16.5300,49,2
2026-04-07,601012,14:08:41,16.5300,128,2
2026-04-07,601012,14:08:44,16.5300,193,2
2026-04-07,601012,14:08:47,16.5300,17,2
2026-04-07,601012,14:08:53,16.5300,63,2
2026-04-07,601012,14:08:56,16.5300,62,2
2026-04-07,601012,14:08:59,16.5400,4,1
2026-04-07,601012,14:09:02,16.5400,221,1
2026-04-07,601012,14:09:05,16.5400,5,1
2026-04-07,601012,14:09:08,16.5500,73,1
2026-04-07,601012,14:09:11,16.5300,22,2
2026-04-07,601012,14:09:14,16.5500,10,1
2026-04-07,601012,14:09:17,16.5500,10,1
2026-04-07,601012,14:09:20,16.5400,13,2
2026-04-07,601012,14:09:23,16.5400,24,2
2026-04-07,601012,14:09:26,16.5500,2,1
2026-04-07,601012,14:09:29,16.5500,22,1
2026-04-07,601012,14:09:32,16.5500,999,1
2026-04-07,601012,14:09:35,16.5600,627,1
2026-04-07,601012,14:09:38,16.5500,104,2
2026-04-07,601012,14:09:41,16.5600,13,1
2026-04-07,601012,14:09:44,16.5600,24,2
2026-04-07,601012,14:09:47,16.5500,11,2
2026-04-07,601012,14:09:50,16.5600,220,1
2026-04-07,601012,14:09:53,16.5600,16,1
2026-04-07,601012,14:09:56,16.5500,10,2
2026-04-07,601012,14:09:59,16.5600,75,1
2026-04-07,601012,14:10:02,16.5500,67,2
2026-04-07,601012,14:10:05,16.5600,4,1
2026-04-07,601012,14:10:08,16.5500,28,2
2026-04-07,601012,14:10:11,16.5600,32,2
2026-04-07,601012,14:10:14,16.5600,12,1
2026-04-07,601012,14:10:17,16.5600,123,2
2026-04-07,601012,14:10:20,16.5600,18,1
2026-04-07,601012,14:10:23,16.5600,4,1
2026-04-07,601012,14:10:26,16.5600,32,1
2026-04-07,601012,14:10:29,16.5600,44,1
2026-04-07,601012,14:10:32,16.5600,72,1
2026-04-07,601012,14:10:35,16.5600,3,1
2026-04-07,601012,14:10:38,16.5600,7,1
2026-04-07,601012,14:10:41,16.5600,19,1
2026-04-07,601012,14:10:44,16.5600,80,1
2026-04-07,601012,14:10:47,16.5600,98,1
2026-04-07,601012,14:10:53,16.5600,156,2
2026-04-07,601012,14:10:56,16.5600,7,1
2026-04-07,601012,14:10:59,16.5600,35,2
2026-04-07,601012,14:11:02,16.5700,8,1
2026-04-07,601012,14:11:05,16.5600,13,2
2026-04-07,601012,14:11:11,16.5700,161,1
2026-04-07,601012,14:11:14,16.5600,19,2
2026-04-07,601012,14:11:17,16.5700,18,1
2026-04-07,601012,14:11:20,16.5600,28,2
2026-04-07,601012,14:11:23,16.5600,11,2
2026-04-07,601012,14:11:26,16.5700,25,1
2026-04-07,601012,14:11:29,16.5700,53,1
2026-04-07,601012,14:11:32,16.5700,43,1
2026-04-07,601012,14:11:35,16.5700,6,1
2026-04-07,601012,14:11:38,16.5600,73,2
2026-04-07,601012,14:11:41,16.5700,29,1
2026-04-07,601012,14:11:44,16.5700,15,1
2026-04-07,601012,14:11:47,16.5700,32,1
2026-04-07,601012,14:11:50,16.5700,28,1
2026-04-07,601012,14:11:53,16.5600,53,2
2026-04-07,601012,14:11:56,16.5600,13,2
2026-04-07,601012,14:11:59,16.5700,126,1
2026-04-07,601012,14:12:02,16.5600,9,2
2026-04-07,601012,14:12:05,16.5600,106,2
2026-04-07,601012,14:12:08,16.5700,48,1
2026-04-07,601012,14:12:11,16.5700,23,1
2026-04-07,601012,14:12:14,16.5700,7,1
2026-04-07,601012,14:12:17,16.5600,754,2
2026-04-07,601012,14:12:20,16.5600,33,2
2026-04-07,601012,14:12:23,16.5700,73,1
2026-04-07,601012,14:12:26,16.5700,80,1
2026-04-07,601012,14:12:29,16.5700,11,1
2026-04-07,601012,14:12:32,16.5700,12,1
2026-04-07,601012,14:12:35,16.5700,43,1
2026-04-07,601012,14:12:38,16.5600,4,2
2026-04-07,601012,14:12:41,16.5600,17,2
2026-04-07,601012,14:12:44,16.5700,69,1
2026-04-07,601012,14:12:47,16.5600,78,2
2026-04-07,601012,14:12:50,16.5600,10,2
2026-04-07,601012,14:12:53,16.5700,65,1
2026-04-07,601012,14:12:56,16.5600,24,2
2026-04-07,601012,14:12:59,16.5600,32,2
2026-04-07,601012,14:13:02,16.5600,82,2
2026-04-07,601012,14:13:05,16.5600,106,2
2026-04-07,601012,14:13:08,16.5700,132,1
2026-04-07,601012,14:13:11,16.5700,41,1
2026-04-07,601012,14:13:14,16.5600,3,1
2026-04-07,601012,14:13:17,16.5600,105,1
2026-04-07,601012,14:13:20,16.5600,8,1
2026-04-07,601012,14:13:23,16.5600,36,1
2026-04-07,601012,14:13:29,16.5600,10,1
2026-04-07,601012,14:13:32,16.5500,12,2
2026-04-07,601012,14:13:35,16.5500,14,2
2026-04-07,601012,14:13:38,16.5500,34,2
2026-04-07,601012,14:13:41,16.5600,19,1
2026-04-07,601012,14:13:44,16.5600,20,1
2026-04-07,601012,14:13:47,16.5500,12,2
2026-04-07,601012,14:13:50,16.5500,23,2
2026-04-07,601012,14:13:53,16.5500,11,2
2026-04-07,601012,14:13:56,16.5500,32,2
2026-04-07,601012,14:13:59,16.5600,12,1
2026-04-07,601012,14:14:02,16.5600,27,1
2026-04-07,601012,14:14:05,16.5600,18,1
2026-04-07,601012,14:14:08,16.5500,143,2
2026-04-07,601012,14:14:11,16.5500,77,2
2026-04-07,601012,14:14:14,16.5500,124,2
2026-04-07,601012,14:14:17,16.5600,15,1
2026-04-07,601012,14:14:20,16.5500,82,2
2026-04-07,601012,14:14:23,16.5600,5,1
2026-04-07,601012,14:14:26,16.5500,130,2
2026-04-07,601012,14:14:29,16.5500,80,2
2026-04-07,601012,14:14:32,16.5500,49,2
2026-04-07,601012,14:14:35,16.5600,295,1
2026-04-07,601012,14:14:38,16.5500,386,2
2026-04-07,601012,14:14:41,16.5600,197,1
2026-04-07,601012,14:14:44,16.5500,36,2
2026-04-07,601012,14:14:47,16.5500,31,2
2026-04-07,601012,14:14:50,16.5500,32,2
2026-04-07,601012,14:14:53,16.5500,52,2
2026-04-07,601012,14:14:56,16.5500,29,2
2026-04-07,601012,14:14:59,16.5500,70,2
2026-04-07,601012,14:15:02,16.5500,105,2
2026-04-07,601012,14:15:05,16.5500,99,2
2026-04-07,601012,14:15:08,16.5500,129,2
2026-04-07,601012,14:15:11,16.5500,154,2
2026-04-07,601012,14:15:14,16.5500,17,1
2026-04-07,601012,14:15:17,16.5400,109,2
2026-04-07,601012,14:15:20,16.5400,372,2
2026-04-07,601012,14:15:23,16.5500,155,1
2026-04-07,601012,14:15:29,16.5400,21,2
2026-04-07,601012,14:15:32,16.5500,34,1
2026-04-07,601012,14:15:35,16.5500,7,1
2026-04-07,601012,14:15:38,16.5400,121,2
2026-04-07,601012,14:15:41,16.5500,305,1
2026-04-07,601012,14:15:44,16.5400,13,2
2026-04-07,601012,14:15:47,16.5400,189,2
2026-04-07,601012,14:15:50,16.5500,283,1
2026-04-07,601012,14:15:53,16.5400,34,2
2026-04-07,601012,14:15:56,16.5500,82,1
2026-04-07,601012,14:15:59,16.5500,52,2
2026-04-07,601012,14:16:02,16.5500,161,2
2026-04-07,601012,14:16:05,16.5400,3,2
2026-04-07,601012,14:16:08,16.5400,19,2
2026-04-07,601012,14:16:11,16.5500,178,1
2026-04-07,601012,14:16:14,16.5500,1,1
2026-04-07,601012,14:16:17,16.5400,52,2
2026-04-07,601012,14:16:20,16.5500,14,1
2026-04-07,601012,14:16:23,16.5500,10,1
2026-04-07,601012,14:16:26,16.5500,6,1
2026-04-07,601012,14:16:29,16.5400,63,2
2026-04-07,601012,14:16:32,16.5500,1,1
2026-04-07,601012,14:16:35,16.5500,207,1
2026-04-07,601012,14:16:38,16.5500,13,1
2026-04-07,601012,14:16:41,16.5400,34,2
2026-04-07,601012,14:16:44,16.5500,18,1
2026-04-07,601012,14:16:47,16.5400,16,2
2026-04-07,601012,14:16:50,16.5400,17,2
2026-04-07,601012,14:16:53,16.5400,172,2
2026-04-07,601012,14:16:56,16.5400,10,2
2026-04-07,601012,14:16:59,16.5500,160,1
2026-04-07,601012,14:17:02,16.5400,76,2
2026-04-07,601012,14:17:05,16.5400,12,2
2026-04-07,601012,14:17:08,16.5500,9,1
2026-04-07,601012,14:17:11,16.5400,17,2
2026-04-07,601012,14:17:14,16.5400,23,2
2026-04-07,601012,14:17:17,16.5500,27,1
2026-04-07,601012,14:17:20,16.5400,21,2
2026-04-07,601012,14:17:23,16.5500,50,1
2026-04-07,601012,14:17:26,16.5400,104,2
2026-04-07,601012,14:17:29,16.5400,106,2
2026-04-07,601012,14:17:32,16.5400,76,2
2026-04-07,601012,14:17:35,16.5400,32,1
2026-04-07,601012,14:17:38,16.5400,16,1
2026-04-07,601012,14:17:41,16.5300,27,2
2026-04-07,601012,14:17:44,16.5400,114,1
2026-04-07,601012,14:17:47,16.5300,185,2
2026-04-07,601012,14:17:50,16.5400,80,1
2026-04-07,601012,14:17:53,16.5400,91,2
2026-04-07,601012,14:17:56,16.5400,78,2
2026-04-07,601012,14:17:59,16.5400,48,2
2026-04-07,601012,14:18:02,16.5400,123,2
2026-04-07,601012,14:18:05,16.5400,132,2
2026-04-07,601012,14:18:08,16.5400,564,1
2026-04-07,601012,14:18:11,16.5400,67,2
2026-04-07,601012,14:18:14,16.5400,54,1
2026-04-07,601012,14:18:17,16.5400,90,2
2026-04-07,601012,14:18:20,16.5400,14,2
2026-04-07,601012,14:18:23,16.5400,7,2
2026-04-07,601012,14:18:26,16.5500,83,1
2026-04-07,601012,14:18:29,16.5500,7,1
2026-04-07,601012,14:18:32,16.5500,13,1
2026-04-07,601012,14:18:35,16.5300,81,2
2026-04-07,601012,14:18:38,16.5400,7,1
2026-04-07,601012,14:18:41,16.5400,12,1
2026-04-07,601012,14:18:44,16.5300,10,2
2026-04-07,601012,14:18:47,16.5300,9,2
2026-04-07,601012,14:18:50,16.5300,21,2
2026-04-07,601012,14:18:53,16.5400,19,1
2026-04-07,601012,14:18:56,16.5400,38,1
2026-04-07,601012,14:18:59,16.5400,42,1
2026-04-07,601012,14:19:02,16.5400,53,1
2026-04-07,601012,14:19:05,16.5400,2,1
2026-04-07,601012,14:19:08,16.5400,1,1
2026-04-07,601012,14:19:11,16.5300,31,2
2026-04-07,601012,14:19:14,16.5300,21,2
2026-04-07,601012,14:19:17,16.5300,67,2
2026-04-07,601012,14:19:20,16.5400,20,1
2026-04-07,601012,14:19:23,16.5300,24,2
2026-04-07,601012,14:19:26,16.5300,3,2
2026-04-07,601012,14:19:29,16.5400,22,1
2026-04-07,601012,14:19:32,16.5300,72,2
2026-04-07,601012,14:19:35,16.5300,108,2
2026-04-07,601012,14:19:38,16.5300,22,2
2026-04-07,601012,14:19:41,16.5300,38,2
2026-04-07,601012,14:19:44,16.5400,10,1
2026-04-07,601012,14:19:47,16.5400,121,1
2026-04-07,601012,14:19:50,16.5400,11,1
2026-04-07,601012,14:19:53,16.5300,540,2
2026-04-07,601012,14:19:56,16.5300,20,2
2026-04-07,601012,14:19:59,16.5400,45,1
2026-04-07,601012,14:20:02,16.5300,20,2
2026-04-07,601012,14:20:05,16.5300,103,2
2026-04-07,601012,14:20:08,16.5400,69,1
2026-04-07,601012,14:20:11,16.5300,14,2
2026-04-07,601012,14:20:14,16.5300,47,2
2026-04-07,601012,14:20:17,16.5300,116,2
2026-04-07,601012,14:20:20,16.5300,42,2
2026-04-07,601012,14:20:23,16.5300,90,2
2026-04-07,601012,14:20:26,16.5400,3,1
2026-04-07,601012,14:20:29,16.5300,25,2
2026-04-07,601012,14:20:32,16.5300,26,2
2026-04-07,601012,14:20:35,16.5300,450,2
2026-04-07,601012,14:20:38,16.5400,38,1
2026-04-07,601012,14:20:41,16.5300,35,2
2026-04-07,601012,14:20:44,16.5300,12,2
2026-04-07,601012,14:20:47,16.5300,65,2
2026-04-07,601012,14:20:50,16.5300,145,2
2026-04-07,601012,14:20:53,16.5300,29,2
2026-04-07,601012,14:20:56,16.5300,74,2
2026-04-07,601012,14:20:59,16.5300,35,2
2026-04-07,601012,14:21:02,16.5400,70,1
2026-04-07,601012,14:21:05,16.5400,757,1
2026-04-07,601012,14:21:08,16.5400,15,1
2026-04-07,601012,14:21:11,16.5600,1167,1
2026-04-07,601012,14:21:14,16.5500,13,2
2026-04-07,601012,14:21:17,16.5500,51,2
2026-04-07,601012,14:21:23,16.5500,14,2
2026-04-07,601012,14:21:26,16.5500,115,2
2026-04-07,601012,14:21:29,16.5600,191,1
2026-04-07,601012,14:21:32,16.5500,51,2
2026-04-07,601012,14:21:35,16.5500,111,2
2026-04-07,601012,14:21:38,16.5500,1,2
2026-04-07,601012,14:21:41,16.5600,38,1
2026-04-07,601012,14:21:44,16.5500,29,2
2026-04-07,601012,14:21:47,16.5600,173,1
2026-04-07,601012,14:21:50,16.5600,59,1
2026-04-07,601012,14:21:53,16.5500,12,2
2026-04-07,601012,14:21:56,16.5600,83,1
2026-04-07,601012,14:21:59,16.5600,3,1
2026-04-07,601012,14:22:02,16.5600,12,1
2026-04-07,601012,14:22:05,16.5600,4,1
2026-04-07,601012,14:22:08,16.5500,171,2
2026-04-07,601012,14:22:11,16.5600,45,1
2026-04-07,601012,14:22:14,16.5600,43,1
2026-04-07,601012,14:22:17,16.5600,35,1
2026-04-07,601012,14:22:20,16.5600,19,1
2026-04-07,601012,14:22:23,16.5600,23,1
2026-04-07,601012,14:22:26,16.5600,900,1
2026-04-07,601012,14:22:29,16.5600,24,2
2026-04-07,601012,14:22:32,16.5600,31,2
2026-04-07,601012,14:22:35,16.5600,16,2
2026-04-07,601012,14:22:38,16.5500,1612,2
2026-04-07,601012,14:22:41,16.5700,7949,1
2026-04-07,601012,14:22:44,16.5600,968,2
2026-04-07,601012,14:22:47,16.5700,32,1
2026-04-07,601012,14:22:50,16.5700,97,2
2026-04-07,601012,14:22:53,16.5700,41,2
2026-04-07,601012,14:22:56,16.5800,107,1
2026-04-07,601012,14:22:59,16.5800,175,1
2026-04-07,601012,14:23:02,16.5800,351,1
2026-04-07,601012,14:23:05,16.5800,79,1
2026-04-07,601012,14:23:08,16.5800,11,1
2026-04-07,601012,14:23:11,16.5800,71,1
2026-04-07,601012,14:23:14,16.5800,23,1
2026-04-07,601012,14:23:17,16.5800,84,1
2026-04-07,601012,14:23:20,16.5800,110,1
2026-04-07,601012,14:23:23,16.5800,97,1
2026-04-07,601012,14:23:26,16.5800,134,1
2026-04-07,601012,14:23:29,16.5800,89,1
2026-04-07,601012,14:23:32,16.5900,3,1
2026-04-07,601012,14:23:35,16.5900,81,1
2026-04-07,601012,14:23:38,16.5900,24,1
2026-04-07,601012,14:23:41,16.5900,31,1
2026-04-07,601012,14:23:44,16.5900,27,1
2026-04-07,601012,14:23:47,16.5900,46,1
2026-04-07,601012,14:23:50,16.5900,175,1
2026-04-07,601012,14:23:53,16.5800,74,2
2026-04-07,601012,14:23:59,16.5900,40,1
2026-04-07,601012,14:24:02,16.5800,34,2
2026-04-07,601012,14:24:05,16.5900,34,1
2026-04-07,601012,14:24:08,16.5800,151,2
2026-04-07,601012,14:24:11,16.6000,4808,1
2026-04-07,601012,14:24:14,16.6000,259,2
2026-04-07,601012,14:24:17,16.6000,23,2
2026-04-07,601012,14:24:20,16.6000,38,2
2026-04-07,601012,14:24:23,16.6100,29,1
2026-04-07,601012,14:24:26,16.6100,27,2
2026-04-07,601012,14:24:29,16.6100,231,2
2026-04-07,601012,14:24:32,16.6200,72,1
2026-04-07,601012,14:24:35,16.6200,228,1
2026-04-07,601012,14:24:38,16.6200,79,1
2026-04-07,601012,14:24:41,16.6100,145,2
2026-04-07,601012,14:24:44,16.6200,144,1
2026-04-07,601012,14:24:47,16.6200,68,1
2026-04-07,601012,14:24:50,16.6100,100,2
2026-04-07,601012,14:24:53,16.6200,89,1
2026-04-07,601012,14:24:56,16.6200,319,1
2026-04-07,601012,14:24:59,16.6200,96,1
2026-04-07,601012,14:25:02,16.6200,170,1
2026-04-07,601012,14:25:05,16.6200,54,2
2026-04-07,601012,14:25:08,16.6200,80,2
2026-04-07,601012,14:25:11,16.6200,151,2
2026-04-07,601012,14:25:14,16.6200,257,2
2026-04-07,601012,14:25:17,16.6300,175,1
2026-04-07,601012,14:25:20,16.6200,72,4
2026-04-07,601012,14:25:23,16.6200,99,2
2026-04-07,601012,14:25:26,16.6200,85,1
2026-04-07,601012,14:25:29,16.6200,76,1
2026-04-07,601012,14:25:32,16.6200,57,1
2026-04-07,601012,14:25:35,16.6200,819,1
2026-04-07,601012,14:25:38,16.6400,2891,1
2026-04-07,601012,14:25:41,16.6300,130,2
2026-04-07,601012,14:25:44,16.6400,740,1
2026-04-07,601012,14:25:47,16.6800,8541,1
2026-04-07,601012,14:25:50,16.6600,919,2
2026-04-07,601012,14:25:53,16.6800,274,1
2026-04-07,601012,14:25:56,16.6900,385,1
2026-04-07,601012,14:25:59,16.6800,1311,2
2026-04-07,601012,14:26:02,16.6800,268,1
2026-04-07,601012,14:26:05,16.6800,336,1
2026-04-07,601012,14:26:08,16.6900,342,1
2026-04-07,601012,14:26:11,16.6900,382,1
2026-04-07,601012,14:26:14,16.6900,277,1
2026-04-07,601012,14:26:17,16.6800,325,2
2026-04-07,601012,14:26:20,16.6800,514,2
2026-04-07,601012,14:26:23,16.6900,312,1
2026-04-07,601012,14:26:26,16.6900,476,1
2026-04-07,601012,14:26:29,16.6900,446,2
2026-04-07,601012,14:26:32,16.7000,327,1
2026-04-07,601012,14:26:35,16.7000,130,1
2026-04-07,601012,14:26:38,16.7000,330,1
2026-04-07,601012,14:26:41,16.6900,1344,2
2026-04-07,601012,14:26:44,16.6900,217,1
2026-04-07,601012,14:26:47,16.6900,253,1
2026-04-07,601012,14:26:50,16.6900,440,1
2026-04-07,601012,14:26:53,16.7000,181,1
2026-04-07,601012,14:26:56,16.7000,787,1
2026-04-07,601012,14:26:59,16.7000,416,1
2026-04-07,601012,14:27:02,16.7000,423,1
2026-04-07,601012,14:27:05,16.7000,468,1
2026-04-07,601012,14:27:08,16.6900,495,2
2026-04-07,601012,14:27:11,16.7000,468,1
2026-04-07,601012,14:27:14,16.7000,196,1
2026-04-07,601012,14:27:17,16.7000,287,1
2026-04-07,601012,14:27:20,16.7000,199,1
2026-04-07,601012,14:27:23,16.6900,291,2
2026-04-07,601012,14:27:26,16.6900,102,1
2026-04-07,601012,14:27:29,16.6900,150,1
2026-04-07,601012,14:27:32,16.6900,64,1
2026-04-07,601012,14:27:35,16.6800,174,2
2026-04-07,601012,14:27:38,16.6700,833,2
2026-04-07,601012,14:27:41,16.6700,212,2
2026-04-07,601012,14:27:44,16.6700,103,2
2026-04-07,601012,14:27:47,16.6700,44,1
2026-04-07,601012,14:27:50,16.6700,98,1
2026-04-07,601012,14:27:53,16.6600,252,2
2026-04-07,601012,14:27:56,16.6800,5980,1
2026-04-07,601012,14:27:59,16.6700,46,2
2026-04-07,601012,14:28:02,16.6800,29,1
2026-04-07,601012,14:28:05,16.6800,108,1
2026-04-07,601012,14:28:08,16.6800,97,1
2026-04-07,601012,14:28:11,16.6800,131,1
2026-04-07,601012,14:28:14,16.6800,303,1
2026-04-07,601012,14:28:17,16.6800,381,1
2026-04-07,601012,14:28:20,16.6800,218,1
2026-04-07,601012,14:28:23,16.6800,186,1
2026-04-07,601012,14:28:26,16.6800,180,1
2026-04-07,601012,14:28:29,16.6800,325,1
2026-04-07,601012,14:28:32,16.6800,118,2
2026-04-07,601012,14:28:35,16.6800,383,2
2026-04-07,601012,14:28:38,16.6800,105,2
2026-04-07,601012,14:28:41,16.6800,45,2
2026-04-07,601012,14:28:44,16.6800,229,2
2026-04-07,601012,14:28:47,16.6800,85,2
2026-04-07,601012,14:28:50,16.6900,151,1
2026-04-07,601012,14:28:53,16.6900,27,1
2026-04-07,601012,14:28:56,16.6800,95,2
2026-04-07,601012,14:28:59,16.6900,208,1
2026-04-07,601012,14:29:02,16.6900,509,1
2026-04-07,601012,14:29:05,16.6900,214,1
2026-04-07,601012,14:29:08,16.6900,132,1
2026-04-07,601012,14:29:11,16.6900,155,1
2026-04-07,601012,14:29:14,16.6900,240,1
2026-04-07,601012,14:29:17,16.6900,175,1
2026-04-07,601012,14:29:20,16.6900,134,1
2026-04-07,601012,14:29:23,16.6900,230,1
2026-04-07,601012,14:29:26,16.6900,205,1
2026-04-07,601012,14:29:29,16.7000,620,1
2026-04-07,601012,14:29:32,16.7000,162,1
2026-04-07,601012,14:29:35,16.7000,116,1
2026-04-07,601012,14:29:38,16.7000,243,1
2026-04-07,601012,14:29:41,16.7000,490,1
2026-04-07,601012,14:29:44,16.7000,367,1
2026-04-07,601012,14:29:47,16.7000,391,1
2026-04-07,601012,14:29:50,16.6900,123,2
2026-04-07,601012,14:29:53,16.6900,184,2
2026-04-07,601012,14:29:56,16.7000,132,1
2026-04-07,601012,14:29:59,16.6900,156,2
2026-04-07,601012,14:30:02,16.6900,333,2
2026-04-07,601012,14:30:05,16.6900,453,1
2026-04-07,601012,14:30:08,16.6900,132,1
2026-04-07,601012,14:30:11,16.6900,213,2
2026-04-07,601012,14:30:14,16.6900,220,1
2026-04-07,601012,14:30:17,16.6800,53,2
2026-04-07,601012,14:30:20,16.6900,49,1
2026-04-07,601012,14:30:23,16.6900,47,1
2026-04-07,601012,14:30:26,16.6900,1172,1
2026-04-07,601012,14:30:29,16.6900,236,1
2026-04-07,601012,14:30:32,16.6800,61,2
2026-04-07,601012,14:30:35,16.6800,87,2
2026-04-07,601012,14:30:38,16.6800,338,2
2026-04-07,601012,14:30:41,16.6800,67,2
2026-04-07,601012,14:30:44,16.6800,156,2
2026-04-07,601012,14:30:47,16.6800,179,2
2026-04-07,601012,14:30:50,16.6800,178,2
2026-04-07,601012,14:30:53,16.6800,185,2
2026-04-07,601012,14:30:56,16.6800,42,1
2026-04-07,601012,14:30:59,16.6800,146,1
2026-04-07,601012,14:31:02,16.6700,125,2
2026-04-07,601012,14:31:05,16.6800,134,1
2026-04-07,601012,14:31:08,16.6700,85,2
2026-04-07,601012,14:31:11,16.6800,28,1
2026-04-07,601012,14:31:14,16.6800,26,1
2026-04-07,601012,14:31:17,16.6700,74,2
2026-04-07,601012,14:31:20,16.6700,97,2
2026-04-07,601012,14:31:23,16.6700,254,2
2026-04-07,601012,14:31:26,16.6700,238,2
2026-04-07,601012,14:31:29,16.6700,130,2
2026-04-07,601012,14:31:32,16.6800,320,1
2026-04-07,601012,14:31:35,16.6700,35,2
2026-04-07,601012,14:31:38,16.6700,154,2
2026-04-07,601012,14:31:41,16.6700,246,2
2026-04-07,601012,14:31:44,16.6700,383,2
2026-04-07,601012,14:31:47,16.6700,67,1
2026-04-07,601012,14:31:50,16.6700,15,1
2026-04-07,601012,14:31:53,16.6700,194,1
2026-04-07,601012,14:31:56,16.6600,140,2
2026-04-07,601012,14:31:59,16.6600,20,2
2026-04-07,601012,14:32:02,16.6600,137,2
2026-04-07,601012,14:32:05,16.6600,350,2
2026-04-07,601012,14:32:08,16.6600,286,2
2026-04-07,601012,14:32:11,16.6600,123,2
2026-04-07,601012,14:32:14,16.6600,262,2
2026-04-07,601012,14:32:17,16.6600,318,2
2026-04-07,601012,14:32:20,16.6600,134,2
2026-04-07,601012,14:32:23,16.6600,42,1
2026-04-07,601012,14:32:26,16.6600,31,1
2026-04-07,601012,14:32:29,16.6500,121,2
2026-04-07,601012,14:32:32,16.6500,95,2
2026-04-07,601012,14:32:35,16.6500,97,2
2026-04-07,601012,14:32:38,16.6500,120,2
2026-04-07,601012,14:32:41,16.6500,107,2
2026-04-07,601012,14:32:44,16.6500,194,2
2026-04-07,601012,14:32:47,16.6500,33,2
2026-04-07,601012,14:32:50,16.6500,65,1
2026-04-07,601012,14:32:53,16.6500,192,1
2026-04-07,601012,14:32:56,16.6400,188,2
2026-04-07,601012,14:32:59,16.6300,16,2
2026-04-07,601012,14:33:02,16.6400,56,1
2026-04-07,601012,14:33:05,16.6300,69,2
2026-04-07,601012,14:33:08,16.6300,43,2
2026-04-07,601012,14:33:11,16.6300,133,2
2026-04-07,601012,14:33:14,16.6400,148,1
2026-04-07,601012,14:33:17,16.6400,10,1
2026-04-07,601012,14:33:20,16.6400,38,1
2026-04-07,601012,14:33:23,16.6400,155,1
2026-04-07,601012,14:33:26,16.6300,182,2
2026-04-07,601012,14:33:29,16.6400,58,1
2026-04-07,601012,14:33:32,16.6400,149,1
2026-04-07,601012,14:33:35,16.6300,9,2
2026-04-07,601012,14:33:38,16.6400,59,1
2026-04-07,601012,14:33:41,16.6400,94,1
2026-04-07,601012,14:33:44,16.6300,103,2
2026-04-07,601012,14:33:47,16.6400,62,1
2026-04-07,601012,14:33:50,16.6300,61,2
2026-04-07,601012,14:33:53,16.6400,36,1
2026-04-07,601012,14:33:56,16.6400,147,1
2026-04-07,601012,14:33:59,16.6400,45,1
2026-04-07,601012,14:34:02,16.6300,44,2
2026-04-07,601012,14:34:05,16.6400,176,1
2026-04-07,601012,14:34:08,16.6400,36,1
2026-04-07,601012,14:34:11,16.6400,21,1
2026-04-07,601012,14:34:14,16.6400,157,1
2026-04-07,601012,14:34:17,16.6400,23,1
2026-04-07,601012,14:34:20,16.6400,19,1
2026-04-07,601012,14:34:23,16.6400,84,1
2026-04-07,601012,14:34:26,16.6400,41,1
2026-04-07,601012,14:34:29,16.6300,43,2
2026-04-07,601012,14:34:32,16.6300,91,2
2026-04-07,601012,14:34:35,16.6300,108,2
2026-04-07,601012,14:34:38,16.6400,56,1
2026-04-07,601012,14:34:41,16.6300,226,2
2026-04-07,601012,14:34:44,16.6300,39,2
2026-04-07,601012,14:34:47,16.6300,54,2
2026-04-07,601012,14:34:50,16.6300,12,2
2026-04-07,601012,14:34:53,16.6300,88,2
2026-04-07,601012,14:34:56,16.6300,86,2
2026-04-07,601012,14:34:59,16.6400,37,1
2026-04-07,601012,14:35:02,16.6300,149,2
2026-04-07,601012,14:35:05,16.6300,31,2
2026-04-07,601012,14:35:08,16.6300,277,2
2026-04-07,601012,14:35:11,16.6300,269,2
2026-04-07,601012,14:35:14,16.6200,41,2
2026-04-07,601012,14:35:17,16.6200,34,2
2026-04-07,601012,14:35:20,16.6200,14,2
2026-04-07,601012,14:35:23,16.6200,66,2
2026-04-07,601012,14:35:26,16.6200,386,2
2026-04-07,601012,14:35:29,16.6200,90,2
2026-04-07,601012,14:35:32,16.6300,233,1
2026-04-07,601012,14:35:35,16.6300,181,2
2026-04-07,601012,14:35:38,16.6200,35,2
2026-04-07,601012,14:35:41,16.6200,37,2
2026-04-07,601012,14:35:44,16.6200,219,2
2026-04-07,601012,14:35:47,16.6200,139,2
2026-04-07,601012,14:35:50,16.6200,73,2
2026-04-07,601012,14:35:53,16.6300,98,1
2026-04-07,601012,14:35:56,16.6200,393,2
2026-04-07,601012,14:35:59,16.6200,65,1
2026-04-07,601012,14:36:02,16.6100,17,2
2026-04-07,601012,14:36:05,16.6200,118,1
2026-04-07,601012,14:36:08,16.6200,570,1
2026-04-07,601012,14:36:11,16.6200,156,2
2026-04-07,601012,14:36:14,16.6200,62,2
2026-04-07,601012,14:36:17,16.6200,146,2
2026-04-07,601012,14:36:20,16.6200,186,2
2026-04-07,601012,14:36:23,16.6300,166,1
2026-04-07,601012,14:36:26,16.6200,10,2
2026-04-07,601012,14:36:29,16.6300,147,1
2026-04-07,601012,14:36:32,16.6200,9,2
2026-04-07,601012,14:36:35,16.6300,32,1
2026-04-07,601012,14:36:38,16.6300,55,1
2026-04-07,601012,14:36:41,16.6200,31,2
2026-04-07,601012,14:36:44,16.6300,129,1
2026-04-07,601012,14:36:47,16.6300,141,1
2026-04-07,601012,14:36:50,16.6200,62,2
2026-04-07,601012,14:36:53,16.6300,123,1
2026-04-07,601012,14:36:56,16.6200,105,2
2026-04-07,601012,14:36:59,16.6200,47,2
2026-04-07,601012,14:37:02,16.6200,21,2
2026-04-07,601012,14:37:05,16.6300,23,1
2026-04-07,601012,14:37:08,16.6300,58,1
2026-04-07,601012,14:37:11,16.6300,12,1
2026-04-07,601012,14:37:14,16.6300,52,1
2026-04-07,601012,14:37:17,16.6300,86,1
2026-04-07,601012,14:37:20,16.6200,116,2
2026-04-07,601012,14:37:23,16.6300,263,1
2026-04-07,601012,14:37:26,16.6300,94,1
2026-04-07,601012,14:37:29,16.6300,391,1
2026-04-07,601012,14:37:32,16.6300,4,2
2026-04-07,601012,14:37:35,16.6400,167,1
2026-04-07,601012,14:37:38,16.6300,58,2
2026-04-07,601012,14:37:41,16.6300,84,2
2026-04-07,601012,14:37:44,16.6400,59,1
2026-04-07,601012,14:37:47,16.6300,80,2
2026-04-07,601012,14:37:50,16.6300,61,2
2026-04-07,601012,14:37:53,16.6400,51,1
2026-04-07,601012,14:37:56,16.6300,199,2
2026-04-07,601012,14:37:59,16.6400,60,1
2026-04-07,601012,14:38:02,16.6400,306,1
2026-04-07,601012,14:38:05,16.6400,180,1
2026-04-07,601012,14:38:08,16.6400,18,1
2026-04-07,601012,14:38:11,16.6400,140,1
2026-04-07,601012,14:38:14,16.6400,41,1
2026-04-07,601012,14:38:17,16.6400,967,1
2026-04-07,601012,14:38:20,16.6400,73,2
2026-04-07,601012,14:38:23,16.6400,155,2
2026-04-07,601012,14:38:26,16.6500,26,1
2026-04-07,601012,14:38:29,16.6500,150,1
2026-04-07,601012,14:38:32,16.6500,50,1
2026-04-07,601012,14:38:35,16.6500,42,1
2026-04-07,601012,14:38:38,16.6500,146,1
2026-04-07,601012,14:38:41,16.6500,39,1
2026-04-07,601012,14:38:44,16.6500,118,1
2026-04-07,601012,14:38:47,16.6500,54,1
2026-04-07,601012,14:38:50,16.6500,67,1
2026-04-07,601012,14:38:53,16.6500,165,1
2026-04-07,601012,14:38:56,16.6500,102,1
2026-04-07,601012,14:38:59,16.6500,45,2
2026-04-07,601012,14:39:02,16.6500,37,2
2026-04-07,601012,14:39:05,16.6600,119,1
2026-04-07,601012,14:39:08,16.6500,28,2
2026-04-07,601012,14:39:11,16.6500,36,2
2026-04-07,601012,14:39:14,16.6600,51,1
2026-04-07,601012,14:39:17,16.6600,78,1
2026-04-07,601012,14:39:20,16.6600,46,1
2026-04-07,601012,14:39:23,16.6600,106,1
2026-04-07,601012,14:39:26,16.6600,154,1
2026-04-07,601012,14:39:29,16.6500,97,2
2026-04-07,601012,14:39:32,16.6500,127,2
2026-04-07,601012,14:39:35,16.6500,60,2
2026-04-07,601012,14:39:38,16.6600,16,1
2026-04-07,601012,14:39:41,16.6600,143,1
2026-04-07,601012,14:39:44,16.6600,138,1
2026-04-07,601012,14:39:47,16.6600,329,1
2026-04-07,601012,14:39:50,16.6600,227,1
2026-04-07,601012,14:39:53,16.6600,101,1
2026-04-07,601012,14:39:56,16.6600,81,1
2026-04-07,601012,14:39:59,16.6600,79,1
2026-04-07,601012,14:40:02,16.6600,86,1
2026-04-07,601012,14:40:05,16.6600,44,1
2026-04-07,601012,14:40:08,16.6600,140,1
2026-04-07,601012,14:40:11,16.6600,147,1
2026-04-07,601012,14:40:14,16.6500,88,2
2026-04-07,601012,14:40:17,16.6600,177,1
2026-04-07,601012,14:40:20,16.6600,133,1
2026-04-07,601012,14:40:23,16.6600,87,1
2026-04-07,601012,14:40:26,16.6600,37,1
2026-04-07,601012,14:40:29,16.6600,213,1
2026-04-07,601012,14:40:32,16.6600,31,1
2026-04-07,601012,14:40:35,16.6500,49,2
2026-04-07,601012,14:40:38,16.6600,204,1
2026-04-07,601012,14:40:41,16.6600,80,1
2026-04-07,601012,14:40:44,16.6600,66,1
2026-04-07,601012,14:40:47,16.6600,118,1
2026-04-07,601012,14:40:50,16.6500,229,2
2026-04-07,601012,14:40:53,16.6600,83,1
2026-04-07,601012,14:40:56,16.6600,144,1
2026-04-07,601012,14:40:59,16.6600,152,1
2026-04-07,601012,14:41:02,16.6600,202,1
2026-04-07,601012,14:41:05,16.6600,154,1
2026-04-07,601012,14:41:08,16.6600,50,2
2026-04-07,601012,14:41:11,16.6600,109,2
2026-04-07,601012,14:41:14,16.6600,18,2
2026-04-07,601012,14:41:17,16.6600,18,2
2026-04-07,601012,14:41:20,16.6600,772,2
2026-04-07,601012,14:41:23,16.6600,23,2
2026-04-07,601012,14:41:26,16.6600,89,2
2026-04-07,601012,14:41:29,16.6600,38,2
2026-04-07,601012,14:41:32,16.6600,221,2
2026-04-07,601012,14:41:35,16.6700,51,1
2026-04-07,601012,14:41:38,16.6600,144,2
2026-04-07,601012,14:41:41,16.6600,122,2
2026-04-07,601012,14:41:44,16.6600,65,2
2026-04-07,601012,14:41:47,16.6700,119,1
2026-04-07,601012,14:41:50,16.6600,87,2
2026-04-07,601012,14:41:53,16.6700,95,1
2026-04-07,601012,14:41:56,16.6700,191,1
2026-04-07,601012,14:41:59,16.6700,11,1
2026-04-07,601012,14:42:02,16.6700,84,1
2026-04-07,601012,14:42:05,16.6700,280,1
2026-04-07,601012,14:42:08,16.6700,122,1
2026-04-07,601012,14:42:11,16.6700,65,1
2026-04-07,601012,14:42:14,16.6700,40,1
2026-04-07,601012,14:42:17,16.6700,627,1
2026-04-07,601012,14:42:20,16.6600,103,2
2026-04-07,601012,14:42:23,16.6700,134,1
2026-04-07,601012,14:42:26,16.6700,31,1
2026-04-07,601012,14:42:29,16.6600,64,2
2026-04-07,601012,14:42:32,16.6700,70,1
2026-04-07,601012,14:42:35,16.6700,54,1
2026-04-07,601012,14:42:38,16.6600,180,2
2026-04-07,601012,14:42:41,16.6700,249,1
2026-04-07,601012,14:42:44,16.6700,51,1
2026-04-07,601012,14:42:47,16.6700,80,1
2026-04-07,601012,14:42:50,16.6700,176,1
2026-04-07,601012,14:42:53,16.6700,224,1
2026-04-07,601012,14:42:56,16.6700,32,1
2026-04-07,601012,14:42:59,16.6700,46,1
2026-04-07,601012,14:43:02,16.6600,76,2
2026-04-07,601012,14:43:05,16.6700,23,1
2026-04-07,601012,14:43:08,16.6700,153,1
2026-04-07,601012,14:43:11,16.6600,33,2
2026-04-07,601012,14:43:14,16.6700,74,1
2026-04-07,601012,14:43:17,16.6700,89,1
2026-04-07,601012,14:43:20,16.6700,223,1
2026-04-07,601012,14:43:23,16.6700,144,1
2026-04-07,601012,14:43:26,16.6600,90,2
2026-04-07,601012,14:43:29,16.6600,64,2
2026-04-07,601012,14:43:32,16.6700,218,1
2026-04-07,601012,14:43:35,16.6700,786,1
2026-04-07,601012,14:43:38,16.6600,116,2
2026-04-07,601012,14:43:41,16.6600,54,2
2026-04-07,601012,14:43:44,16.6600,82,2
2026-04-07,601012,14:43:47,16.6700,116,1
2026-04-07,601012,14:43:50,16.6600,85,2
2026-04-07,601012,14:43:53,16.6600,16,2
2026-04-07,601012,14:43:56,16.6700,183,1
2026-04-07,601012,14:43:59,16.6600,185,2
2026-04-07,601012,14:44:02,16.6600,211,2
2026-04-07,601012,14:44:05,16.6600,168,2
2026-04-07,601012,14:44:08,16.6700,564,1
2026-04-07,601012,14:44:11,16.6600,481,2
2026-04-07,601012,14:44:14,16.6700,166,1
2026-04-07,601012,14:44:17,16.6600,201,2
2026-04-07,601012,14:44:20,16.6700,28,1
2026-04-07,601012,14:44:23,16.6600,705,2
2026-04-07,601012,14:44:26,16.6600,109,2
2026-04-07,601012,14:44:29,16.6600,143,2
2026-04-07,601012,14:44:32,16.6700,68,1
2026-04-07,601012,14:44:35,16.6700,177,1
2026-04-07,601012,14:44:38,16.6600,226,2
2026-04-07,601012,14:44:41,16.6700,39,1
2026-04-07,601012,14:44:44,16.6700,103,1
2026-04-07,601012,14:44:47,16.6700,315,1
2026-04-07,601012,14:44:50,16.6700,127,1
2026-04-07,601012,14:44:53,16.6600,33,2
2026-04-07,601012,14:44:56,16.6600,114,2
2026-04-07,601012,14:44:59,16.6600,126,2
2026-04-07,601012,14:45:02,16.6600,67,2
2026-04-07,601012,14:45:05,16.6700,58,1
2026-04-07,601012,14:45:08,16.6700,142,1
2026-04-07,601012,14:45:11,16.6700,47,1
2026-04-07,601012,14:45:14,16.6700,69,1
2026-04-07,601012,14:45:17,16.6600,27,2
2026-04-07,601012,14:45:20,16.6700,136,1
2026-04-07,601012,14:45:23,16.6700,196,1
2026-04-07,601012,14:45:26,16.6700,54,1
2026-04-07,601012,14:45:29,16.6700,134,1
2026-04-07,601012,14:45:32,16.6700,454,1
2026-04-07,601012,14:45:35,16.6700,65,1
2026-04-07,601012,14:45:38,16.6600,115,2
2026-04-07,601012,14:45:41,16.6700,77,1
2026-04-07,601012,14:45:44,16.6600,60,2
2026-04-07,601012,14:45:47,16.6600,346,2
2026-04-07,601012,14:45:50,16.6700,99,1
2026-04-07,601012,14:45:53,16.6700,1316,1
2026-04-07,601012,14:45:56,16.6700,41,1
2026-04-07,601012,14:45:59,16.6700,242,1
2026-04-07,601012,14:46:02,16.6600,418,2
2026-04-07,601012,14:46:05,16.6700,51,1
2026-04-07,601012,14:46:08,16.6700,183,1
2026-04-07,601012,14:46:11,16.6700,97,1
2026-04-07,601012,14:46:14,16.6600,79,2
2026-04-07,601012,14:46:17,16.6700,109,1
2026-04-07,601012,14:46:20,16.6600,170,2
2026-04-07,601012,14:46:23,16.6700,124,1
2026-04-07,601012,14:46:26,16.6700,239,1
2026-04-07,601012,14:46:29,16.6700,393,1
2026-04-07,601012,14:46:32,16.6700,252,1
2026-04-07,601012,14:46:35,16.6600,309,2
2026-04-07,601012,14:46:38,16.6700,112,1
2026-04-07,601012,14:46:41,16.6700,352,1
2026-04-07,601012,14:46:44,16.6600,516,2
2026-04-07,601012,14:46:47,16.6700,435,1
2026-04-07,601012,14:46:50,16.6700,210,1
2026-04-07,601012,14:46:53,16.6700,147,1
2026-04-07,601012,14:46:56,16.6700,52,1
2026-04-07,601012,14:46:59,16.6600,42,2
2026-04-07,601012,14:47:02,16.6700,160,1
2026-04-07,601012,14:47:05,16.6700,68,1
2026-04-07,601012,14:47:08,16.6600,193,2
2026-04-07,601012,14:47:11,16.6700,180,1
2026-04-07,601012,14:47:14,16.6700,49,1
2026-04-07,601012,14:47:17,16.6500,1460,2
2026-04-07,601012,14:47:20,16.6600,340,1
2026-04-07,601012,14:47:23,16.6500,279,2
2026-04-07,601012,14:47:26,16.6500,280,2
2026-04-07,601012,14:47:29,16.6600,23,1
2026-04-07,601012,14:47:32,16.6500,387,2
2026-04-07,601012,14:47:35,16.6500,107,2
2026-04-07,601012,14:47:38,16.6600,123,1
2026-04-07,601012,14:47:41,16.6500,98,2
2026-04-07,601012,14:47:44,16.6600,60,1
2026-04-07,601012,14:47:47,16.6600,139,1
2026-04-07,601012,14:47:50,16.6500,71,2
2026-04-07,601012,14:47:53,16.6500,80,2
2026-04-07,601012,14:47:56,16.6600,212,1
2026-04-07,601012,14:47:59,16.6600,65,1
2026-04-07,601012,14:48:02,16.6600,324,1
2026-04-07,601012,14:48:05,16.6600,89,1
2026-04-07,601012,14:48:08,16.6600,225,1
2026-04-07,601012,14:48:11,16.6600,209,1
2026-04-07,601012,14:48:14,16.6600,304,1
2026-04-07,601012,14:48:17,16.6500,86,2
2026-04-07,601012,14:48:20,16.6600,124,1
2026-04-07,601012,14:48:23,16.6500,240,2
2026-04-07,601012,14:48:26,16.6600,41,1
2026-04-07,601012,14:48:29,16.6600,123,1
2026-04-07,601012,14:48:32,16.6500,100,2
2026-04-07,601012,14:48:35,16.6600,279,1
2026-04-07,601012,14:48:38,16.6600,252,1
2026-04-07,601012,14:48:41,16.6600,391,1
2026-04-07,601012,14:48:44,16.6600,172,1
2026-04-07,601012,14:48:47,16.6600,152,1
2026-04-07,601012,14:48:50,16.6600,55,1
2026-04-07,601012,14:48:53,16.6600,133,1
2026-04-07,601012,14:48:56,16.6600,204,1
2026-04-07,601012,14:48:59,16.6600,266,1
2026-04-07,601012,14:49:02,16.6600,96,1
2026-04-07,601012,14:49:05,16.6600,259,1
2026-04-07,601012,14:49:08,16.6600,73,1
2026-04-07,601012,14:49:11,16.6600,168,1
2026-04-07,601012,14:49:14,16.6600,121,1
2026-04-07,601012,14:49:17,16.6600,207,1
2026-04-07,601012,14:49:20,16.6600,205,1
2026-04-07,601012,14:49:23,16.6600,224,1
2026-04-07,601012,14:49:26,16.6600,283,1
2026-04-07,601012,14:49:29,16.6600,341,1
2026-04-07,601012,14:49:32,16.6600,133,1
2026-04-07,601012,14:49:35,16.6600,343,1
2026-04-07,601012,14:49:38,16.6600,226,1
2026-04-07,601012,14:49:41,16.6500,144,2
2026-04-07,601012,14:49:44,16.6500,484,2
2026-04-07,601012,14:49:47,16.6600,262,1
2026-04-07,601012,14:49:50,16.6600,196,1
2026-04-07,601012,14:49:53,16.6600,111,1
2026-04-07,601012,14:49:56,16.6500,342,2
2026-04-07,601012,14:49:59,16.6600,98,1
2026-04-07,601012,14:50:02,16.6600,112,2
2026-04-07,601012,14:50:05,16.6600,97,1
2026-04-07,601012,14:50:08,16.6600,183,2
2026-04-07,601012,14:50:11,16.6600,207,2
2026-04-07,601012,14:50:14,16.6600,182,1
2026-04-07,601012,14:50:17,16.6600,311,1
2026-04-07,601012,14:50:20,16.6600,356,1
2026-04-07,601012,14:50:23,16.6600,144,1
2026-04-07,601012,14:50:26,16.6600,121,1
2026-04-07,601012,14:50:29,16.6600,146,2
2026-04-07,601012,14:50:32,16.6600,129,2
2026-04-07,601012,14:50:35,16.6600,101,2
2026-04-07,601012,14:50:38,16.6600,105,2
2026-04-07,601012,14:50:41,16.6700,457,1
2026-04-07,601012,14:50:44,16.6600,339,2
2026-04-07,601012,14:50:47,16.6600,163,2
2026-04-07,601012,14:50:50,16.6600,234,2
2026-04-07,601012,14:50:53,16.6600,234,1
2026-04-07,601012,14:50:56,16.6600,205,1
2026-04-07,601012,14:50:59,16.6600,290,1
2026-04-07,601012,14:51:02,16.6600,511,2
2026-04-07,601012,14:51:05,16.6600,264,1
2026-04-07,601012,14:51:08,16.6600,67,2
2026-04-07,601012,14:51:11,16.6600,174,2
2026-04-07,601012,14:51:14,16.6700,449,1
2026-04-07,601012,14:51:17,16.6700,119,1
2026-04-07,601012,14:51:20,16.6600,179,2
2026-04-07,601012,14:51:23,16.6700,18,1
2026-04-07,601012,14:51:26,16.6700,210,1
2026-04-07,601012,14:51:29,16.6700,221,1
2026-04-07,601012,14:51:32,16.6600,110,2
2026-04-07,601012,14:51:35,16.6700,297,1
2026-04-07,601012,14:51:38,16.6700,76,1
2026-04-07,601012,14:51:41,16.6700,150,1
2026-04-07,601012,14:51:44,16.6600,79,2
2026-04-07,601012,14:51:47,16.6700,554,1
2026-04-07,601012,14:51:50,16.6700,173,1
2026-04-07,601012,14:51:53,16.6700,91,1
2026-04-07,601012,14:51:56,16.6700,302,1
2026-04-07,601012,14:51:59,16.6700,343,1
2026-04-07,601012,14:52:02,16.6700,518,1
2026-04-07,601012,14:52:05,16.6700,321,1
2026-04-07,601012,14:52:08,16.6700,583,1
2026-04-07,601012,14:52:11,16.6600,464,2
2026-04-07,601012,14:52:14,16.6700,222,1
2026-04-07,601012,14:52:17,16.6700,383,1
2026-04-07,601012,14:52:20,16.6700,167,1
2026-04-07,601012,14:52:23,16.6700,292,1
2026-04-07,601012,14:52:26,16.6700,620,1
2026-04-07,601012,14:52:29,16.6700,722,1
2026-04-07,601012,14:52:32,16.6700,236,1
2026-04-07,601012,14:52:35,16.6700,134,1
2026-04-07,601012,14:52:38,16.6700,95,1
2026-04-07,601012,14:52:41,16.6700,147,1
2026-04-07,601012,14:52:44,16.6700,243,1
2026-04-07,601012,14:52:47,16.6700,180,1
2026-04-07,601012,14:52:50,16.6600,663,2
2026-04-07,601012,14:52:53,16.6700,182,1
2026-04-07,601012,14:52:56,16.6700,265,1
2026-04-07,601012,14:52:59,16.6700,264,1
2026-04-07,601012,14:53:02,16.6800,116,1
2026-04-07,601012,14:53:05,16.6700,100,2
2026-04-07,601012,14:53:08,16.6700,792,2
2026-04-07,601012,14:53:11,16.6700,575,1
2026-04-07,601012,14:53:14,16.6700,179,1
2026-04-07,601012,14:53:17,16.6700,410,1
2026-04-07,601012,14:53:20,16.6700,293,2
2026-04-07,601012,14:53:23,16.6800,117,1
2026-04-07,601012,14:53:26,16.6700,319,2
2026-04-07,601012,14:53:29,16.6800,69,1
2026-04-07,601012,14:53:32,16.6800,756,1
2026-04-07,601012,14:53:35,16.6800,387,1
2026-04-07,601012,14:53:38,16.6800,223,1
2026-04-07,601012,14:53:41,16.6700,416,2
2026-04-07,601012,14:53:44,16.6700,425,2
2026-04-07,601012,14:53:47,16.6700,327,2
2026-04-07,601012,14:53:50,16.6800,103,1
2026-04-07,601012,14:53:53,16.6700,292,2
2026-04-07,601012,14:53:56,16.6800,307,1
2026-04-07,601012,14:53:59,16.6800,305,1
2026-04-07,601012,14:54:02,16.6800,249,1
2026-04-07,601012,14:54:05,16.6800,372,1
2026-04-07,601012,14:54:08,16.6700,417,2
2026-04-07,601012,14:54:11,16.6800,1372,1
2026-04-07,601012,14:54:14,16.6800,223,1
2026-04-07,601012,14:54:17,16.6800,408,1
2026-04-07,601012,14:54:20,16.6800,218,1
2026-04-07,601012,14:54:23,16.6800,426,1
2026-04-07,601012,14:54:26,16.6800,638,1
2026-04-07,601012,14:54:29,16.6800,419,2
2026-04-07,601012,14:54:32,16.6800,335,2
2026-04-07,601012,14:54:35,16.6800,214,1
2026-04-07,601012,14:54:38,16.6800,393,1
2026-04-07,601012,14:54:41,16.6800,165,2
2026-04-07,601012,14:54:44,16.6800,276,2
2026-04-07,601012,14:54:47,16.6900,560,1
2026-04-07,601012,14:54:50,16.6900,233,1
2026-04-07,601012,14:54:53,16.6900,212,1
2026-04-07,601012,14:54:56,16.6900,518,1
2026-04-07,601012,14:54:59,16.6900,446,1
2026-04-07,601012,14:55:02,16.6900,436,1
2026-04-07,601012,14:55:05,16.6900,538,1
2026-04-07,601012,14:55:08,16.6900,537,1
2026-04-07,601012,14:55:11,16.6800,638,2
2026-04-07,601012,14:55:14,16.6900,209,1
2026-04-07,601012,14:55:17,16.6900,1233,1
2026-04-07,601012,14:55:20,16.6800,297,2
2026-04-07,601012,14:55:23,16.6900,258,1
2026-04-07,601012,14:55:26,16.6900,830,1
2026-04-07,601012,14:55:29,16.6800,192,2
2026-04-07,601012,14:55:32,16.6900,429,1
2026-04-07,601012,14:55:35,16.6900,287,1
2026-04-07,601012,14:55:38,16.6900,540,1
2026-04-07,601012,14:55:41,16.6900,1038,1
2026-04-07,601012,14:55:44,16.6900,787,1
2026-04-07,601012,14:55:47,16.6800,406,2
2026-04-07,601012,14:55:50,16.6900,351,1
2026-04-07,601012,14:55:53,16.6800,346,2
2026-04-07,601012,14:55:56,16.6900,149,1
2026-04-07,601012,14:55:59,16.6900,137,1
2026-04-07,601012,14:56:02,16.6900,316,1
2026-04-07,601012,14:56:05,16.6800,586,2
2026-04-07,601012,14:56:08,16.6900,297,1
2026-04-07,601012,14:56:11,16.6900,352,1
2026-04-07,601012,14:56:14,16.6800,635,2
2026-04-07,601012,14:56:17,16.6900,326,1
2026-04-07,601012,14:56:20,16.6900,358,1
2026-04-07,601012,14:56:23,16.6900,493,2
2026-04-07,601012,14:56:26,16.6900,576,1
2026-04-07,601012,14:56:29,16.6900,818,1
2026-04-07,601012,14:56:32,16.6900,644,1
2026-04-07,601012,14:56:35,16.6900,298,2
2026-04-07,601012,14:56:38,16.6900,159,2
2026-04-07,601012,14:56:41,16.7000,448,1
2026-04-07,601012,14:56:44,16.7000,427,1
2026-04-07,601012,14:56:47,16.6900,336,2
2026-04-07,601012,14:56:50,16.6900,246,2
2026-04-07,601012,14:56:53,16.7000,548,1
2026-04-07,601012,14:56:56,16.6900,1697,2
2026-04-07,601012,14:56:59,16.7000,325,1
2026-04-07,601012,14:57:02,16.6900,8,2
2026-04-07,601012,15:00:03,16.7000,15749,4
2026-04-07,601012,13:16:17,16.4400,149,1
2026-04-07,601012,13:16:20,16.4300,101,2
2026-04-07,601012,13:16:23,16.4300,425,2
2026-04-07,601012,13:16:26,16.4300,289,2
2026-04-07,601012,13:16:29,16.4300,374,2
2026-04-07,601012,13:16:32,16.4300,663,2
2026-04-07,601012,13:16:35,16.4300,65,1
2026-04-07,601012,13:16:38,16.4200,2327,2
2026-04-07,601012,13:16:41,16.4300,1394,1
2026-04-07,601012,13:16:44,16.4200,146,2
2026-04-07,601012,13:16:47,16.4200,115,2
2026-04-07,601012,13:16:50,16.4200,506,2
2026-04-07,601012,13:16:53,16.4200,271,1
2026-04-07,601012,13:16:56,16.4300,109,1
2026-04-07,601012,13:16:59,16.4200,77,2
2026-04-07,601012,13:17:02,16.4200,169,2
2026-04-07,601012,13:17:05,16.4200,171,2
2026-04-07,601012,13:17:08,16.4300,116,1
2026-04-07,601012,13:17:11,16.4200,208,2
2026-04-07,601012,13:17:14,16.4200,639,2
2026-04-07,601012,13:17:17,16.4200,212,2
2026-04-07,601012,13:17:20,16.4300,144,1
2026-04-07,601012,13:17:23,16.4300,205,1
2026-04-07,601012,13:17:26,16.4300,175,1
2026-04-07,601012,13:17:29,16.4300,42,1
2026-04-07,601012,13:17:32,16.4200,135,2
2026-04-07,601012,13:17:35,16.4300,88,1
2026-04-07,601012,13:17:38,16.4300,293,1
2026-04-07,601012,13:17:41,16.4300,185,1
2026-04-07,601012,13:17:44,16.4200,539,2
2026-04-07,601012,13:17:47,16.4200,2246,2
2026-04-07,601012,13:17:50,16.4200,141,1
2026-04-07,601012,13:17:53,16.4200,158,1
2026-04-07,601012,13:17:56,16.4100,904,2
2026-04-07,601012,13:17:59,16.4100,267,2
2026-04-07,601012,13:18:02,16.4200,100,1
2026-04-07,601012,13:18:05,16.4200,1140,1
2026-04-07,601012,13:18:08,16.4100,252,2
2026-04-07,601012,13:18:11,16.4200,459,1
2026-04-07,601012,13:18:14,16.4100,170,2
2026-04-07,601012,13:18:17,16.4100,369,2
2026-04-07,601012,13:18:20,16.4200,179,1
2026-04-07,601012,13:18:23,16.4100,81,2
2026-04-07,601012,13:18:26,16.4200,585,1
2026-04-07,601012,13:18:29,16.4200,287,1
2026-04-07,601012,13:18:32,16.4100,328,2
2026-04-07,601012,13:18:35,16.4200,87,2
2026-04-07,601012,13:18:38,16.4200,334,2
2026-04-07,601012,13:18:41,16.4200,156,2
2026-04-07,601012,13:18:44,16.4200,159,1
2026-04-07,601012,13:18:47,16.4200,189,2
2026-04-07,601012,13:18:50,16.4200,756,1
2026-04-07,601012,13:18:53,16.4100,132,2
2026-04-07,601012,13:18:56,16.4200,282,2
2026-04-07,601012,13:18:59,16.4200,153,2
2026-04-07,601012,13:19:02,16.4200,59,1
2026-04-07,601012,13:19:05,16.4100,189,2
2026-04-07,601012,13:19:08,16.4200,61,1
2026-04-07,601012,13:19:11,16.4200,185,1
2026-04-07,601012,13:19:14,16.4200,615,1
2026-04-07,601012,13:19:17,16.4200,685,1
2026-04-07,601012,13:19:20,16.4200,207,2
2026-04-07,601012,13:19:23,16.4200,110,2
2026-04-07,601012,13:19:26,16.4200,172,2
2026-04-07,601012,13:19:29,16.4200,151,2
2026-04-07,601012,13:19:32,16.4300,79,1
2026-04-07,601012,13:19:35,16.4300,92,1
2026-04-07,601012,13:19:38,16.4300,578,1
2026-04-07,601012,13:19:41,16.4300,83,1
2026-04-07,601012,13:19:44,16.4200,139,2
2026-04-07,601012,13:19:47,16.4300,85,1
2026-04-07,601012,13:19:50,16.4200,79,2
2026-04-07,601012,13:19:53,16.4300,95,1
2026-04-07,601012,13:19:56,16.4300,608,1
2026-04-07,601012,13:19:59,16.4300,380,1
2026-04-07,601012,13:20:02,16.4300,74,1
2026-04-07,601012,13:20:05,16.4300,46,1
2026-04-07,601012,13:20:08,16.4300,767,1
2026-04-07,601012,13:20:11,16.4200,288,2
2026-04-07,601012,13:20:14,16.4300,337,1
2026-04-07,601012,13:20:17,16.4400,336,1
2026-04-07,601012,13:20:20,16.4300,151,2
2026-04-07,601012,13:20:23,16.4400,182,1
2026-04-07,601012,13:20:26,16.4300,25,2
2026-04-07,601012,13:20:29,16.4300,615,2
2026-04-07,601012,13:20:32,16.4300,238,2
2026-04-07,601012,13:20:35,16.4400,94,1
2026-04-07,601012,13:20:38,16.4400,80,1
2026-04-07,601012,13:20:41,16.4400,93,1
2026-04-07,601012,13:20:44,16.4400,126,1
2026-04-07,601012,13:20:47,16.4400,141,1
2026-04-07,601012,13:20:50,16.4400,43,1
2026-04-07,601012,13:20:53,16.4400,114,1
2026-04-07,601012,13:20:56,16.4400,256,1
2026-04-07,601012,13:20:59,16.4400,412,1
2026-04-07,601012,13:21:02,16.4400,157,1
2026-04-07,601012,13:21:05,16.4400,287,1
2026-04-07,601012,13:21:08,16.4400,157,1
2026-04-07,601012,13:21:11,16.4400,89,1
2026-04-07,601012,13:21:14,16.4400,298,1
2026-04-07,601012,13:21:17,16.4400,107,2
2026-04-07,601012,13:21:20,16.4500,239,1
2026-04-07,601012,13:21:23,16.4500,25,1
2026-04-07,601012,13:21:26,16.4400,227,2
2026-04-07,601012,13:21:29,16.4400,65,2
2026-04-07,601012,13:21:32,16.4400,185,1
2026-04-07,601012,13:21:35,16.4500,162,1
2026-04-07,601012,13:21:38,16.4500,101,1
2026-04-07,601012,13:21:41,16.4400,25,2
2026-04-07,601012,13:21:44,16.4500,92,1
2026-04-07,601012,13:21:47,16.4500,216,1
2026-04-07,601012,13:21:50,16.4500,168,1
2026-04-07,601012,13:21:53,16.4500,266,1
2026-04-07,601012,13:21:56,16.4500,158,1
2026-04-07,601012,13:21:59,16.4600,47,1
2026-04-07,601012,13:22:02,16.4500,55,2
2026-04-07,601012,13:22:05,16.4600,168,1
2026-04-07,601012,13:22:08,16.4500,57,2
2026-04-07,601012,13:22:11,16.4500,105,2
2026-04-07,601012,13:22:14,16.4600,37,1
2026-04-07,601012,13:22:17,16.4500,83,2
2026-04-07,601012,13:22:20,16.4600,21,1
2026-04-07,601012,13:22:23,16.4500,232,2
2026-04-07,601012,13:22:26,16.4600,254,1
2026-04-07,601012,13:22:29,16.4600,49,1
2026-04-07,601012,13:22:32,16.4500,586,2
2026-04-07,601012,13:22:35,16.4500,82,1
2026-04-07,601012,13:22:38,16.4500,127,1
2026-04-07,601012,13:22:41,16.4500,30,1
2026-04-07,601012,13:22:44,16.4500,80,1
2026-04-07,601012,13:22:47,16.4500,195,1
2026-04-07,601012,13:22:50,16.4400,151,2
2026-04-07,601012,13:22:53,16.4500,59,1
2026-04-07,601012,13:22:56,16.4400,105,2
2026-04-07,601012,13:22:59,16.4400,167,2
2026-04-07,601012,13:23:02,16.4500,350,1
2026-04-07,601012,13:23:05,16.4400,182,2
2026-04-07,601012,13:23:08,16.4500,99,1
2026-04-07,601012,13:23:11,16.4400,37,2
2026-04-07,601012,13:23:14,16.4500,204,1
2026-04-07,601012,13:23:17,16.4400,66,2
2026-04-07,601012,13:23:20,16.4400,247,2
2026-04-07,601012,13:23:23,16.4500,276,1
2026-04-07,601012,13:23:26,16.4500,123,1
2026-04-07,601012,13:23:29,16.4500,179,1
2026-04-07,601012,13:23:32,16.4500,220,2
2026-04-07,601012,13:23:35,16.4400,142,2
2026-04-07,601012,13:23:38,16.4500,246,1
2026-04-07,601012,13:23:41,16.4400,51,2
2026-04-07,601012,13:23:44,16.4500,94,1
2026-04-07,601012,13:23:47,16.4500,386,1
2026-04-07,601012,13:23:50,16.4500,53,1
2026-04-07,601012,13:23:53,16.4500,31,1
2026-04-07,601012,13:23:56,16.4500,95,1
2026-04-07,601012,13:23:59,16.4500,31,1
2026-04-07,601012,13:24:02,16.4500,120,1
2026-04-07,601012,13:24:05,16.4500,19,1
2026-04-07,601012,13:24:08,16.4500,35,1
2026-04-07,601012,13:24:11,16.4500,90,1
2026-04-07,601012,13:24:14,16.4500,33,1
2026-04-07,601012,13:24:17,16.4500,192,1
2026-04-07,601012,13:24:20,16.4500,16,1
2026-04-07,601012,13:24:23,16.4400,122,2
2026-04-07,601012,13:24:26,16.4400,185,2
2026-04-07,601012,13:24:29,16.4500,52,1
2026-04-07,601012,13:24:32,16.4500,5,1
2026-04-07,601012,13:24:35,16.4500,50,1
2026-04-07,601012,13:24:38,16.4400,125,2
2026-04-07,601012,13:24:41,16.4400,135,2
2026-04-07,601012,13:24:44,16.4500,68,1
2026-04-07,601012,13:24:47,16.4500,103,1
2026-04-07,601012,13:24:50,16.4500,139,1
2026-04-07,601012,13:24:53,16.4500,56,1
2026-04-07,601012,13:24:56,16.4400,65,2
2026-04-07,601012,13:24:59,16.4500,450,1
2026-04-07,601012,13:25:02,16.4400,68,2
2026-04-07,601012,13:25:05,16.4500,230,1
2026-04-07,601012,13:25:08,16.4500,43,1
2026-04-07,601012,13:25:11,16.4400,23,2
2026-04-07,601012,13:25:14,16.4500,16,1
2026-04-07,601012,13:25:17,16.4500,26,1
2026-04-07,601012,13:25:20,16.4400,52,2
2026-04-07,601012,13:25:23,16.4500,57,1
2026-04-07,601012,13:25:26,16.4400,136,2
2026-04-07,601012,13:25:29,16.4400,189,2
2026-04-07,601012,13:25:32,16.4500,61,1
2026-04-07,601012,13:25:35,16.4500,29,1
2026-04-07,601012,13:25:38,16.4400,40,2
2026-04-07,601012,13:25:41,16.4400,30,2
2026-04-07,601012,13:25:44,16.4400,22,2
2026-04-07,601012,13:25:47,16.4400,57,2
2026-04-07,601012,13:25:50,16.4500,54,1
2026-04-07,601012,13:25:53,16.4500,51,1
2026-04-07,601012,13:25:56,16.4400,28,2
2026-04-07,601012,13:25:59,16.4400,567,2
2026-04-07,601012,13:26:02,16.4400,311,2
2026-04-07,601012,13:26:05,16.4500,42,1
2026-04-07,601012,13:26:08,16.4400,36,4
2026-04-07,601012,13:26:11,16.4300,137,2
2026-04-07,601012,13:26:14,16.4300,289,2
2026-04-07,601012,13:26:17,16.4400,412,1
2026-04-07,601012,13:26:20,16.4300,58,2
2026-04-07,601012,13:26:23,16.4400,99,1
2026-04-07,601012,13:26:26,16.4300,133,2
2026-04-07,601012,13:26:29,16.4400,88,1
2026-04-07,601012,13:26:32,16.4400,243,1
2026-04-07,601012,13:26:35,16.4300,63,2
2026-04-07,601012,13:26:38,16.4300,220,2
2026-04-07,601012,13:26:41,16.4300,58,2
2026-04-07,601012,13:26:44,16.4300,14,2
2026-04-07,601012,13:26:47,16.4300,36,2
2026-04-07,601012,13:26:50,16.4300,177,2
2026-04-07,601012,13:26:53,16.4300,156,2
2026-04-07,601012,13:26:56,16.4300,103,1
2026-04-07,601012,13:26:59,16.4300,280,1
2026-04-07,601012,13:27:02,16.4300,38,1
2026-04-07,601012,13:27:05,16.4200,24,2
2026-04-07,601012,13:27:08,16.4300,63,1
2026-04-07,601012,13:27:11,16.4200,323,2
2026-04-07,601012,13:27:14,16.4300,175,1
2026-04-07,601012,13:27:17,16.4300,83,1
2026-04-07,601012,13:27:20,16.4200,49,2
2026-04-07,601012,13:27:23,16.4200,58,2
2026-04-07,601012,13:27:26,16.4200,98,2
2026-04-07,601012,13:27:29,16.4300,360,1
2026-04-07,601012,13:27:32,16.4300,240,1
2026-04-07,601012,13:27:35,16.4200,247,2
2026-04-07,601012,13:27:38,16.4200,595,2
2026-04-07,601012,13:27:41,16.4200,243,2
2026-04-07,601012,13:27:44,16.4200,12,1
2026-04-07,601012,13:27:47,16.4100,179,2
2026-04-07,601012,13:27:50,16.4100,129,2
2026-04-07,601012,13:27:53,16.4200,468,1
2026-04-07,601012,13:27:56,16.4300,84,1
2026-04-07,601012,13:27:59,16.4200,58,2
2026-04-07,601012,13:28:02,16.4200,195,2
2026-04-07,601012,13:28:05,16.4200,44,1
2026-04-07,601012,13:28:08,16.4200,118,1
2026-04-07,601012,13:28:11,16.4200,1779,1
2026-04-07,601012,13:28:14,16.4200,1765,2
2026-04-07,601012,13:28:17,16.4200,1870,2
2026-04-07,601012,13:28:20,16.4200,30,2
2026-04-07,601012,13:28:23,16.4200,181,2
2026-04-07,601012,13:28:26,16.4200,112,2
2026-04-07,601012,13:28:29,16.4200,60,2
2026-04-07,601012,13:28:32,16.4200,132,2
2026-04-07,601012,13:28:35,16.4300,247,1
2026-04-07,601012,13:28:38,16.4300,123,1
2026-04-07,601012,13:28:41,16.4200,451,2
2026-04-07,601012,13:28:44,16.4300,844,1
2026-04-07,601012,13:28:47,16.4400,193,1
2026-04-07,601012,13:28:50,16.4400,8,1
2026-04-07,601012,13:28:53,16.4400,29,1
2026-04-07,601012,13:28:56,16.4400,65,1
2026-04-07,601012,13:28:59,16.4400,147,1
2026-04-07,601012,13:29:02,16.4400,87,1
2026-04-07,601012,13:29:05,16.4400,187,1
2026-04-07,601012,13:29:08,16.4400,66,1
2026-04-07,601012,13:29:11,16.4400,169,1
2026-04-07,601012,13:29:14,16.4300,273,2
2026-04-07,601012,13:29:17,16.4400,54,1
2026-04-07,601012,13:29:20,16.4400,3,1
2026-04-07,601012,13:29:23,16.4400,131,1
2026-04-07,601012,13:29:26,16.4300,125,2
2026-04-07,601012,13:29:29,16.4400,22,1
2026-04-07,601012,13:29:32,16.4400,19,1
2026-04-07,601012,13:29:35,16.4400,248,1
2026-04-07,601012,13:29:38,16.4400,55,1
2026-04-07,601012,13:29:41,16.4400,232,1
2026-04-07,601012,13:29:44,16.4400,211,1
2026-04-07,601012,13:29:47,16.4400,58,1
2026-04-07,601012,13:29:50,16.4400,20,1
2026-04-07,601012,13:29:53,16.4400,283,1
2026-04-07,601012,13:29:56,16.4400,22,1
2026-04-07,601012,13:29:59,16.4400,222,1
2026-04-07,601012,13:30:02,16.4400,69,1
2026-04-07,601012,13:30:05,16.4400,80,1
2026-04-07,601012,13:30:08,16.4400,85,1
2026-04-07,601012,13:30:11,16.4400,48,1
2026-04-07,601012,13:30:14,16.4400,206,1
2026-04-07,601012,13:30:17,16.4300,41,2
2026-04-07,601012,13:30:20,16.4400,30,1
2026-04-07,601012,13:30:23,16.4400,128,1
2026-04-07,601012,13:30:26,16.4400,70,1
2026-04-07,601012,13:30:29,16.4300,36,2
2026-04-07,601012,13:30:32,16.4300,148,2
2026-04-07,601012,13:30:35,16.4400,244,1
2026-04-07,601012,13:30:38,16.4400,345,1
2026-04-07,601012,13:30:41,16.4300,192,2
2026-04-07,601012,13:30:44,16.4300,53,2
2026-04-07,601012,13:30:47,16.4300,41,2
2026-04-07,601012,13:30:50,16.4400,72,1
2026-04-07,601012,13:30:53,16.4400,58,1
2026-04-07,601012,13:30:56,16.4400,299,1
2026-04-07,601012,13:30:59,16.4500,18,1
2026-04-07,601012,13:31:02,16.4400,67,2
2026-04-07,601012,13:31:05,16.4500,50,1
2026-04-07,601012,13:31:08,16.4500,77,1
2026-04-07,601012,13:31:11,16.4500,24,1
2026-04-07,601012,13:31:14,16.4500,194,1
2026-04-07,601012,13:31:17,16.4500,198,1
2026-04-07,601012,13:31:20,16.4500,350,1
2026-04-07,601012,13:31:23,16.4500,73,1
2026-04-07,601012,13:31:26,16.4500,801,1
2026-04-07,601012,13:31:29,16.4600,69,1
2026-04-07,601012,13:31:32,16.4600,185,1
2026-04-07,601012,13:31:35,16.4700,465,1
2026-04-07,601012,13:31:38,16.4700,33,1
2026-04-07,601012,13:31:41,16.4600,171,2
2026-04-07,601012,13:31:44,16.4700,31,1
2026-04-07,601012,13:31:47,16.4800,46,1
2026-04-07,601012,13:31:50,16.4800,30,1
2026-04-07,601012,13:31:53,16.4800,89,1
2026-04-07,601012,13:31:56,16.4800,97,1
2026-04-07,601012,13:31:59,16.4800,162,1
2026-04-07,601012,13:32:02,16.4700,153,2
2026-04-07,601012,13:32:05,16.4700,129,2
2026-04-07,601012,13:32:08,16.4800,13,2
2026-04-07,601012,13:32:11,16.4800,15,2
2026-04-07,601012,13:32:14,16.4900,101,1
2026-04-07,601012,13:32:17,16.4800,230,2
2026-04-07,601012,13:32:20,16.4800,64,2
2026-04-07,601012,13:32:23,16.4900,38,1
2026-04-07,601012,13:32:26,16.4900,642,1
2026-04-07,601012,13:32:29,16.4800,332,2
2026-04-07,601012,13:32:32,16.4800,108,1
2026-04-07,601012,13:32:35,16.4900,128,1
2026-04-07,601012,13:32:38,16.4900,25,1
2026-04-07,601012,13:32:41,16.4900,40,1
2026-04-07,601012,13:32:44,16.4900,33,1
2026-04-07,601012,13:32:47,16.4900,65,1
2026-04-07,601012,13:32:50,16.4900,73,1
2026-04-07,601012,13:32:53,16.4900,134,1
2026-04-07,601012,13:32:56,16.4900,151,1
2026-04-07,601012,13:32:59,16.4900,98,1
2026-04-07,601012,13:33:02,16.4900,67,1
2026-04-07,601012,13:33:05,16.4900,68,1
2026-04-07,601012,13:33:08,16.4900,188,1
2026-04-07,601012,13:33:11,16.4900,53,2
2026-04-07,601012,13:33:14,16.4900,184,2
2026-04-07,601012,13:33:17,16.4900,281,1
2026-04-07,601012,13:33:20,16.4800,135,2
2026-04-07,601012,13:33:23,16.4800,69,2
2026-04-07,601012,13:33:26,16.4800,74,1
2026-04-07,601012,13:33:29,16.4800,125,1
2026-04-07,601012,13:33:32,16.4800,64,1
2026-04-07,601012,13:33:35,16.4800,49,1
2026-04-07,601012,13:33:38,16.4800,45,1
2026-04-07,601012,13:33:41,16.4700,84,2
2026-04-07,601012,13:33:44,16.4700,19,2
2026-04-07,601012,13:33:47,16.4700,73,2
2026-04-07,601012,13:33:50,16.4700,162,2
2026-04-07,601012,13:33:53,16.4800,32,1
2026-04-07,601012,13:33:56,16.4800,21,1
2026-04-07,601012,13:33:59,16.4700,28,2
2026-04-07,601012,13:34:02,16.4700,42,1
2026-04-07,601012,13:34:05,16.4700,19,1
2026-04-07,601012,13:34:08,16.4700,12,1
2026-04-07,601012,13:34:11,16.4600,12,2
2026-04-07,601012,13:34:14,16.4700,73,1
2026-04-07,601012,13:34:17,16.4600,42,2
2026-04-07,601012,13:34:20,16.4700,65,1
2026-04-07,601012,13:34:23,16.4700,8,1
2026-04-07,601012,13:34:26,16.4700,31,1
2026-04-07,601012,13:34:29,16.4600,16,2
2026-04-07,601012,13:34:32,16.4700,88,1
2026-04-07,601012,13:34:35,16.4600,34,2
2026-04-07,601012,13:34:38,16.4600,28,2
2026-04-07,601012,13:34:41,16.4600,143,2
2026-04-07,601012,13:34:44,16.4600,167,2
2026-04-07,601012,13:34:47,16.4700,10,1
2026-04-07,601012,13:34:50,16.4600,82,2
2026-04-07,601012,13:34:53,16.4700,20,1
2026-04-07,601012,13:34:56,16.4700,3,1
2026-04-07,601012,13:34:59,16.4600,127,2
2026-04-07,601012,13:35:02,16.4600,363,2
2026-04-07,601012,13:35:05,16.4600,31,1
2026-04-07,601012,13:35:08,16.4600,117,1
2026-04-07,601012,13:35:11,16.4700,10,1
2026-04-07,601012,13:35:14,16.4700,140,1
2026-04-07,601012,13:35:17,16.4700,2,1
2026-04-07,601012,13:35:20,16.4700,30,1
2026-04-07,601012,13:35:23,16.4700,22,1
2026-04-07,601012,13:35:26,16.4700,69,1
2026-04-07,601012,13:35:29,16.4600,58,2
2026-04-07,601012,13:35:32,16.4700,81,1
2026-04-07,601012,13:35:35,16.4700,50,1
2026-04-07,601012,13:35:38,16.4700,39,1
2026-04-07,601012,13:35:41,16.4700,46,1
2026-04-07,601012,13:35:44,16.4600,168,2
2026-04-07,601012,13:35:47,16.4700,30,1
2026-04-07,601012,13:35:50,16.4700,2,1
2026-04-07,601012,13:35:53,16.4600,12,2
2026-04-07,601012,13:35:56,16.4700,12,1
2026-04-07,601012,13:35:59,16.4600,30,2
2026-04-07,601012,13:36:02,16.4700,44,1
2026-04-07,601012,13:36:05,16.4700,23,1
2026-04-07,601012,13:36:08,16.4600,8,2
2026-04-07,601012,13:36:11,16.4700,256,1
2026-04-07,601012,13:36:14,16.4800,194,1
2026-04-07,601012,13:36:17,16.4700,31,2
2026-04-07,601012,13:36:20,16.4700,27,2
2026-04-07,601012,13:36:23,16.4800,12,1
2026-04-07,601012,13:36:26,16.4800,14,1
2026-04-07,601012,13:36:29,16.4800,214,1
2026-04-07,601012,13:36:32,16.4800,84,1
2026-04-07,601012,13:36:35,16.4800,68,1
2026-04-07,601012,13:36:38,16.4900,580,1
2026-04-07,601012,13:36:41,16.4800,51,2
2026-04-07,601012,13:36:44,16.4900,76,1
2026-04-07,601012,13:36:47,16.4900,111,1
2026-04-07,601012,13:36:50,16.5000,86,1
2026-04-07,601012,13:36:53,16.5000,71,1
2026-04-07,601012,13:36:56,16.5000,520,1
2026-04-07,601012,13:36:59,16.5000,81,1
2026-04-07,601012,13:37:02,16.5000,47,1
2026-04-07,601012,13:37:05,16.5000,123,1
2026-04-07,601012,13:37:08,16.5000,88,1
2026-04-07,601012,13:37:11,16.4900,151,2
2026-04-07,601012,13:37:14,16.4800,427,2
2026-04-07,601012,13:37:17,16.4900,90,1
2026-04-07,601012,13:37:20,16.4900,22,1
2026-04-07,601012,13:37:23,16.4900,42,1
2026-04-07,601012,13:37:26,16.4800,24,2
2026-04-07,601012,13:37:29,16.4800,17,2
2026-04-07,601012,13:37:32,16.4900,62,1
2026-04-07,601012,13:37:35,16.4800,24,2
2026-04-07,601012,13:37:38,16.4800,63,2
2026-04-07,601012,13:37:41,16.4900,124,1
2026-04-07,601012,13:37:44,16.4800,140,2
2026-04-07,601012,13:37:47,16.4800,143,2
2026-04-07,601012,13:37:50,16.4900,17,1
2026-04-07,601012,13:37:53,16.4800,270,2
2026-04-07,601012,13:37:56,16.4900,64,1
2026-04-07,601012,13:37:59,16.4900,51,1
2026-04-07,601012,13:38:02,16.4800,222,2
2026-04-07,601012,13:38:05,16.4900,33,1
2026-04-07,601012,13:38:08,16.4800,11,2
2026-04-07,601012,13:38:11,16.4900,7,1
2026-04-07,601012,13:38:14,16.4900,6,1
2026-04-07,601012,13:38:17,16.4900,14,1
2026-04-07,601012,13:38:20,16.4800,42,2
2026-04-07,601012,13:38:23,16.4800,61,2
2026-04-07,601012,13:38:26,16.4900,14,1
2026-04-07,601012,13:38:29,16.4900,51,1
2026-04-07,601012,13:38:32,16.4800,25,2
2026-04-07,601012,13:38:35,16.4900,116,1
2026-04-07,601012,13:38:38,16.4800,16,2
2026-04-07,601012,13:38:41,16.4900,39,1
2026-04-07,601012,13:38:44,16.4800,21,2
2026-04-07,601012,13:38:47,16.4800,27,2
2026-04-07,601012,13:38:50,16.4900,46,1
2026-04-07,601012,13:38:53,16.4900,119,1
2026-04-07,601012,13:38:56,16.4800,9,2
2026-04-07,601012,13:38:59,16.4900,82,1
2026-04-07,601012,13:39:02,16.4900,29,1
2026-04-07,601012,13:39:05,16.4800,155,2
2026-04-07,601012,13:39:08,16.4800,145,2
2026-04-07,601012,13:39:11,16.4800,90,2
2026-04-07,601012,13:39:14,16.4900,159,1
2026-04-07,601012,13:39:17,16.4900,158,1
2026-04-07,601012,13:39:20,16.4800,18,2
2026-04-07,601012,13:39:23,16.4900,54,1
2026-04-07,601012,13:39:26,16.4800,25,2
2026-04-07,601012,13:39:29,16.4900,61,1
2026-04-07,601012,13:39:32,16.4800,18,2
2026-04-07,601012,13:39:35,16.4800,22,2
2026-04-07,601012,13:39:38,16.4800,64,2
2026-04-07,601012,13:39:41,16.4900,63,1
2026-04-07,601012,13:39:44,16.4900,19,1
2026-04-07,601012,13:39:47,16.4900,24,1
2026-04-07,601012,13:39:50,16.4900,56,1
2026-04-07,601012,13:39:53,16.4900,18,1
2026-04-07,601012,13:39:56,16.4900,88,1
2026-04-07,601012,13:39:59,16.4900,49,1
2026-04-07,601012,13:40:02,16.4900,13,1
2026-04-07,601012,13:40:05,16.4900,46,1
2026-04-07,601012,13:40:08,16.4900,20,1
2026-04-07,601012,13:40:11,16.4900,112,1
2026-04-07,601012,13:40:14,16.4900,35,1
2026-04-07,601012,13:40:17,16.4900,83,1
2026-04-07,601012,13:40:20,16.4800,155,2
2026-04-07,601012,13:40:23,16.4900,12,1
2026-04-07,601012,13:40:26,16.4900,104,1
2026-04-07,601012,13:40:29,16.4800,900,2
2026-04-07,601012,13:40:32,16.4800,22,2
2026-04-07,601012,13:40:35,16.4800,42,2
2026-04-07,601012,13:40:38,16.4800,155,2
2026-04-07,601012,13:40:41,16.4900,89,1
2026-04-07,601012,13:40:44,16.4800,95,2
2026-04-07,601012,13:40:47,16.4800,62,2
2026-04-07,601012,13:40:50,16.4800,54,2
2026-04-07,601012,13:40:53,16.4800,113,2
2026-04-07,601012,13:40:56,16.4800,132,2
2026-04-07,601012,13:40:59,16.4800,540,2
2026-04-07,601012,13:41:02,16.4800,31,2
2026-04-07,601012,13:41:05,16.4800,55,1
2026-04-07,601012,13:41:08,16.4700,79,2
2026-04-07,601012,13:41:11,16.4800,232,1
2026-04-07,601012,13:41:14,16.4800,100,1
2026-04-07,601012,13:41:17,16.4700,107,2
2026-04-07,601012,13:41:20,16.4800,76,1
2026-04-07,601012,13:41:23,16.4700,44,2
2026-04-07,601012,13:41:26,16.4700,32,2
2026-04-07,601012,13:41:29,16.4800,121,1
2026-04-07,601012,13:41:32,16.4700,29,2
2026-04-07,601012,13:41:35,16.4800,45,1
2026-04-07,601012,13:41:38,16.4700,74,2
2026-04-07,601012,13:41:41,16.4800,37,1
2026-04-07,601012,13:41:44,16.4700,35,2
2026-04-07,601012,13:41:47,16.4800,155,1
2026-04-07,601012,13:41:50,16.4700,67,2
2026-04-07,601012,13:41:53,16.4800,31,1
2026-04-07,601012,13:41:56,16.4700,43,2
2026-04-07,601012,13:41:59,16.4700,12,2
2026-04-07,601012,13:42:02,16.4700,73,2
2026-04-07,601012,13:42:05,16.4700,23,2
2026-04-07,601012,13:42:08,16.4800,17,1
2026-04-07,601012,13:42:11,16.4800,22,1
2026-04-07,601012,13:42:14,16.4800,136,1
2026-04-07,601012,13:42:17,16.4800,64,1
2026-04-07,601012,13:42:20,16.4800,78,1
2026-04-07,601012,13:42:23,16.4700,19,2
2026-04-07,601012,13:42:26,16.4700,49,2
2026-04-07,601012,13:42:29,16.4800,79,1
2026-04-07,601012,13:42:32,16.4700,51,4
2026-04-07,601012,13:42:35,16.4700,23,2
2026-04-07,601012,13:42:38,16.4700,40,1
2026-04-07,601012,13:42:41,16.4700,32,1
2026-04-07,601012,13:42:44,16.4700,77,1
2026-04-07,601012,13:42:47,16.4700,140,1
2026-04-07,601012,13:42:50,16.4700,121,1
2026-04-07,601012,13:42:53,16.4700,28,1
2026-04-07,601012,13:42:56,16.4700,28,1
2026-04-07,601012,13:42:59,16.4700,39,1
2026-04-07,601012,13:43:02,16.4700,132,1
2026-04-07,601012,13:43:05,16.4600,24,2
2026-04-07,601012,13:43:08,16.4600,59,2
2026-04-07,601012,13:43:11,16.4700,77,1
2026-04-07,601012,13:43:14,16.4700,328,1
2026-04-07,601012,13:43:17,16.4600,58,2
2026-04-07,601012,13:43:20,16.4700,406,1
2026-04-07,601012,13:43:23,16.4700,119,2
2026-04-07,601012,13:43:26,16.4700,274,2
2026-04-07,601012,13:43:29,16.4700,111,2
2026-04-07,601012,13:43:32,16.4700,11,2
2026-04-07,601012,13:43:35,16.4700,14,2
2026-04-07,601012,13:43:38,16.4700,36,2
2026-04-07,601012,13:43:41,16.4800,16,1
2026-04-07,601012,13:43:44,16.4700,241,2
2026-04-07,601012,13:43:47,16.4700,47,1
2026-04-07,601012,13:43:50,16.4600,43,2
2026-04-07,601012,13:43:53,16.4700,103,1
2026-04-07,601012,13:43:56,16.4700,34,1
2026-04-07,601012,13:43:59,16.4700,15,1
2026-04-07,601012,13:44:02,16.4700,197,1
2026-04-07,601012,13:44:05,16.4700,24,1
2026-04-07,601012,13:44:08,16.4600,139,2
2026-04-07,601012,13:44:11,16.4600,54,2
2026-04-07,601012,13:44:14,16.4600,20,2
2026-04-07,601012,13:44:17,16.4700,132,1
2026-04-07,601012,13:44:20,16.4700,18,2
2026-04-07,601012,13:44:23,16.4700,56,2
2026-04-07,601012,13:44:26,16.4700,73,2
2026-04-07,601012,13:44:29,16.4700,41,2
2026-04-07,601012,13:44:35,16.4700,39,1
2026-04-07,601012,13:44:38,16.4700,80,1
2026-04-07,601012,13:44:41,16.4600,519,2
2026-04-07,601012,13:44:44,16.4700,170,2
2026-04-07,601012,13:44:47,16.4700,31,2
2026-04-07,601012,13:44:50,16.4800,148,1
2026-04-07,601012,13:44:53,16.4700,4,4
2026-04-07,601012,13:44:56,16.4700,33,1
2026-04-07,601012,13:44:59,16.4700,84,1
2026-04-07,601012,13:45:02,16.4700,26,2
2026-04-07,601012,13:45:05,16.4600,25,2
2026-04-07,601012,13:45:08,16.4700,77,1
2026-04-07,601012,13:45:11,16.4700,33,2
2026-04-07,601012,13:45:14,16.4800,113,1
2026-04-07,601012,13:45:17,16.4700,39,4
2026-04-07,601012,13:45:20,16.4700,12,1
2026-04-07,601012,13:45:23,16.4700,91,1
2026-04-07,601012,13:45:26,16.4700,33,1
2026-04-07,601012,13:45:29,16.4700,20,1
2026-04-07,601012,13:45:32,16.4700,177,1
2026-04-07,601012,13:45:35,16.4700,16,1
2026-04-07,601012,13:45:38,16.4700,55,1
2026-04-07,601012,13:45:41,16.4700,45,1
2026-04-07,601012,13:45:44,16.4600,71,2
2026-04-07,601012,13:45:47,16.4600,15,2
2026-04-07,601012,13:45:50,16.4600,48,2
2026-04-07,601012,13:45:53,16.4600,10,2
2026-04-07,601012,13:45:56,16.4600,46,2
2026-04-07,601012,13:45:59,16.4700,12,1
2026-04-07,601012,13:46:02,16.4700,377,1
2026-04-07,601012,13:46:05,16.4600,325,2
2026-04-07,601012,13:46:08,16.4700,60,2
2026-04-07,601012,13:46:11,16.4800,63,1
2026-04-07,601012,13:46:14,16.4800,18,1
2026-04-07,601012,13:46:17,16.4800,162,1
2026-04-07,601012,13:46:20,16.4800,1994,1
2026-04-07,601012,13:46:23,16.4800,41,2
2026-04-07,601012,13:46:26,16.4800,41,2
2026-04-07,601012,13:46:29,16.4800,25,2
2026-04-07,601012,13:46:32,16.4900,46,1
2026-04-07,601012,13:46:35,16.4800,10,2
2026-04-07,601012,13:46:38,16.4800,11,2
2026-04-07,601012,13:46:41,16.4800,545,2
2026-04-07,601012,13:46:44,16.4800,56,1
2026-04-07,601012,13:46:47,16.4800,3,1
2026-04-07,601012,13:46:50,16.4800,18,1
2026-04-07,601012,13:46:53,16.4800,8,1
2026-04-07,601012,13:46:56,16.4800,7,1
2026-04-07,601012,13:46:59,16.4700,77,2
2026-04-07,601012,13:47:02,16.4800,25,1
2026-04-07,601012,13:47:05,16.4700,151,2
2026-04-07,601012,13:47:08,16.4800,8,1
2026-04-07,601012,13:47:11,16.4800,50,1
2026-04-07,601012,13:47:14,16.4700,51,2
2026-04-07,601012,13:47:17,16.4700,158,2
2026-04-07,601012,13:47:20,16.4800,25,1
2026-04-07,601012,13:47:23,16.4800,70,1
2026-04-07,601012,13:47:26,16.4800,62,1
2026-04-07,601012,13:47:29,16.4700,105,2
2026-04-07,601012,13:47:32,16.4700,149,2
2026-04-07,601012,13:47:35,16.4800,60,1
2026-04-07,601012,13:47:38,16.4800,46,1
2026-04-07,601012,13:47:41,16.4800,265,1
2026-04-07,601012,13:47:44,16.4800,271,2
2026-04-07,601012,13:47:47,16.4700,45,2
2026-04-07,601012,13:47:50,16.4800,92,1
2026-04-07,601012,13:47:53,16.4700,197,2
2026-04-07,601012,13:47:56,16.4800,18,1
2026-04-07,601012,13:47:59,16.4700,305,2
2026-04-07,601012,13:48:02,16.4800,5,4
2026-04-07,601012,13:48:05,16.4800,156,2
2026-04-07,601012,13:48:08,16.4800,19,2
2026-04-07,601012,13:48:11,16.4800,108,2
2026-04-07,601012,13:48:14,16.4800,83,2
2026-04-07,601012,13:48:17,16.4800,55,2
2026-04-07,601012,13:48:20,16.4800,24,2
2026-04-07,601012,13:48:23,16.4900,50,1
2026-04-07,601012,13:48:26,16.4900,52,1
2026-04-07,601012,13:48:29,16.4900,70,1
2026-04-07,601012,13:48:32,16.4900,110,1
2026-04-07,601012,13:48:35,16.4900,222,1
2026-04-07,601012,13:48:38,16.4900,118,1
2026-04-07,601012,13:48:41,16.4800,130,2
2026-04-07,601012,13:48:44,16.4900,120,1
2026-04-07,601012,13:48:47,16.4900,377,1
2026-04-07,601012,13:48:50,16.5000,193,1
2026-04-07,601012,13:48:53,16.4800,126,2
2026-04-07,601012,13:48:56,16.4800,46,2
2026-04-07,601012,13:48:59,16.4900,94,1
2026-04-07,601012,13:49:02,16.4900,119,1
2026-04-07,601012,13:49:05,16.4800,30,2
2026-04-07,601012,13:49:08,16.4900,11,1
2026-04-07,601012,13:49:11,16.4800,121,2
2026-04-07,601012,13:49:14,16.4900,27,1
2026-04-07,601012,13:49:17,16.4800,89,2
2026-04-07,601012,13:49:20,16.4800,45,2
2026-04-07,601012,13:49:23,16.4900,116,1
2026-04-07,601012,13:49:26,16.4900,39,1
2026-04-07,601012,13:49:29,16.4800,11,2
2026-04-07,601012,13:49:32,16.4900,74,1
2026-04-07,601012,13:49:35,16.4800,368,2
2026-04-07,601012,13:49:38,16.4800,384,2
2026-04-07,601012,13:49:41,16.4800,42,1
2026-04-07,601012,13:49:44,16.4800,22,1
2026-04-07,601012,13:49:47,16.4800,293,1
2026-04-07,601012,13:49:50,16.4800,69,1
2026-04-07,601012,13:49:53,16.4700,136,2
2026-04-07,601012,13:49:56,16.4700,150,2
2026-04-07,601012,13:49:59,16.4800,70,1
2026-04-07,601012,13:50:02,16.4800,57,1
2026-04-07,601012,13:50:05,16.4700,3,2
2026-04-07,601012,13:50:08,16.4800,48,1
2026-04-07,601012,13:50:11,16.4800,130,1
2026-04-07,601012,13:50:14,16.4800,12,1
2026-04-07,601012,13:50:17,16.4700,70,2
2026-04-07,601012,13:50:20,16.4700,17,2
2026-04-07,601012,13:50:23,16.4700,36,2
2026-04-07,601012,13:50:26,16.4700,58,2
2026-04-07,601012,13:50:29,16.4700,37,2
2026-04-07,601012,13:50:32,16.4800,101,1
2026-04-07,601012,13:50:35,16.4800,51,1
2026-04-07,601012,13:50:38,16.4800,1,1
2026-04-07,601012,13:50:41,16.4700,97,2
2026-04-07,601012,13:50:44,16.4800,78,1
2026-04-07,601012,13:50:47,16.4700,25,2
2026-04-07,601012,13:50:50,16.4800,46,1
2026-04-07,601012,13:50:53,16.4700,60,2
2026-04-07,601012,13:50:56,16.4700,59,2
2026-04-07,601012,13:50:59,16.4700,101,2
2026-04-07,601012,13:51:02,16.4800,45,1
2026-04-07,601012,13:51:05,16.4800,2607,1
2026-04-07,601012,13:51:08,16.4800,90,2
2026-04-07,601012,13:51:11,16.4800,745,2
2026-04-07,601012,13:51:14,16.4800,15,2
2026-04-07,601012,13:51:17,16.4800,95,2
2026-04-07,601012,13:51:20,16.4800,61,2
2026-04-07,601012,13:51:26,16.4800,59,2
2026-04-07,601012,13:51:29,16.4800,76,2
2026-04-07,601012,13:51:32,16.4900,21,1
2026-04-07,601012,13:51:35,16.4900,26,1
2026-04-07,601012,13:51:38,16.4900,1,1
2026-04-07,601012,13:51:41,16.4800,4,2
2026-04-07,601012,13:51:44,16.4900,35,1
2026-04-07,601012,13:51:47,16.4800,221,2
2026-04-07,601012,13:51:50,16.4800,22,1
2026-04-07,601012,13:51:53,16.4800,6,1
2026-04-07,601012,13:51:56,16.4800,23,1
2026-04-07,601012,13:51:59,16.4800,80,1
2026-04-07,601012,13:52:02,16.4700,72,2
2026-04-07,601012,13:52:05,16.4800,29,1
2026-04-07,601012,13:52:08,16.4700,29,2
2026-04-07,601012,13:52:11,16.4700,24,2
2026-04-07,601012,13:52:14,16.4700,2,2
2026-04-07,601012,13:52:17,16.4800,31,1
2026-04-07,601012,13:52:20,16.4800,8,1
2026-04-07,601012,13:52:23,16.4800,7,1
2026-04-07,601012,13:52:26,16.4800,39,1
2026-04-07,601012,13:52:29,16.4800,109,1
2026-04-07,601012,13:52:32,16.4900,382,1
2026-04-07,601012,13:52:35,16.4800,138,2
2026-04-07,601012,13:52:41,16.4800,33,2
2026-04-07,601012,13:52:44,16.4800,39,2
2026-04-07,601012,13:52:47,16.4900,16,1
2026-04-07,601012,13:52:50,16.4900,4,1
2026-04-07,601012,13:52:53,16.4900,30,1
2026-04-07,601012,13:52:56,16.4900,63,1
2026-04-07,601012,13:52:59,16.4900,33,1
2026-04-07,601012,13:53:02,16.4800,26,2
2026-04-07,601012,13:53:05,16.4900,2568,1
2026-04-07,601012,13:53:08,16.5000,2,1
2026-04-07,601012,13:53:14,16.5000,84,1
2026-04-07,601012,13:53:17,16.5000,41,1
2026-04-07,601012,13:53:20,16.5000,51,1
2026-04-07,601012,13:53:23,16.4900,33,2
2026-04-07,601012,13:53:26,16.5000,42,1
2026-04-07,601012,13:53:29,16.5000,1489,1
2026-04-07,601012,13:53:32,16.5000,154,2
2026-04-07,601012,13:53:35,16.5000,146,2
2026-04-07,601012,13:53:38,16.5100,29,1
2026-04-07,601012,13:53:41,16.5100,122,1
2026-04-07,601012,13:53:44,16.5100,1284,1
2026-04-07,601012,13:53:47,16.5100,73,1
2026-04-07,601012,13:53:50,16.5100,53,2
2026-04-07,601012,13:53:53,16.5200,24,1
2026-04-07,601012,13:53:56,16.5200,14,1
2026-04-07,601012,13:53:59,16.5200,641,1
2026-04-07,601012,13:54:02,16.5300,275,1
2026-04-07,601012,13:54:05,16.5300,238,1
2026-04-07,601012,13:54:08,16.5200,121,2
2026-04-07,601012,13:54:11,16.5300,54,1
2026-04-07,601012,13:54:14,16.5300,108,1
2026-04-07,601012,13:54:17,16.5300,26,1
2026-04-07,601012,13:54:20,16.5300,179,1
2026-04-07,601012,13:54:23,16.5300,249,1
2026-04-07,601012,13:54:26,16.5300,150,1
2026-04-07,601012,13:54:29,16.5300,79,1
2026-04-07,601012,13:54:32,16.5300,64,1
2026-04-07,601012,13:54:35,16.5300,133,1
2026-04-07,601012,13:54:38,16.5200,67,2
2026-04-07,601012,13:54:41,16.5200,198,2
2026-04-07,601012,13:54:44,16.5300,45,1
2026-04-07,601012,13:54:47,16.5200,47,2
2026-04-07,601012,13:54:50,16.5300,116,1
2026-04-07,601012,13:54:53,16.5300,88,1
2026-04-07,601012,13:54:56,16.5300,407,2
2026-04-07,601012,13:54:59,16.5300,124,1
2026-04-07,601012,13:55:02,16.5300,91,1
2026-04-07,601012,13:55:05,16.5300,62,1
2026-04-07,601012,13:55:08,16.5300,502,2
2026-04-07,601012,13:55:11,16.5300,13,1
2026-04-07,601012,13:55:14,16.5300,118,1
2026-04-07,601012,13:55:17,16.5300,39,1
2026-04-07,601012,13:55:20,16.5200,68,2
2026-04-07,601012,13:55:23,16.5200,16,2
2026-04-07,601012,13:55:26,16.5200,56,2
2026-04-07,601012,13:55:29,16.5200,27,2
2026-04-07,601012,13:55:32,16.5200,72,2
2026-04-07,601012,13:55:35,16.5200,31,2
2026-04-07,601012,13:55:38,16.5300,18,1
2026-04-07,601012,13:55:41,16.5200,78,2
2026-04-07,601012,13:55:44,16.5300,11,1
2026-04-07,601012,13:55:47,16.5200,99,2
2026-04-07,601012,13:55:50,16.5300,6,1
2026-04-07,601012,13:55:53,16.5200,52,2
2026-04-07,601012,13:55:56,16.5300,14,1
2026-04-07,601012,13:55:59,16.5300,10,1
2026-04-07,601012,13:56:02,16.5300,25,1
2026-04-07,601012,13:56:05,16.5300,46,1
2026-04-07,601012,13:56:08,16.5300,51,1
2026-04-07,601012,13:56:11,16.5300,26,1
2026-04-07,601012,13:56:14,16.5200,211,2
2026-04-07,601012,13:56:17,16.5300,22,1
2026-04-07,601012,13:56:20,16.5200,225,2
2026-04-07,601012,13:56:23,16.5200,32,2
2026-04-07,601012,13:56:26,16.5300,4,1
2026-04-07,601012,13:56:29,16.5200,13,2
2026-04-07,601012,13:56:32,16.5300,29,1
2026-04-07,601012,13:56:35,16.5200,45,2
2026-04-07,601012,13:56:38,16.5300,77,1
2026-04-07,601012,13:56:41,16.5200,19,2
2026-04-07,601012,13:56:44,16.5200,47,2
2026-04-07,601012,13:56:47,16.5300,23,1
2026-04-07,601012,13:56:53,16.5300,1,1
2026-04-07,601012,13:56:56,16.5300,44,1
2026-04-07,601012,13:56:59,16.5300,21,1
2026-04-07,601012,13:57:02,16.5300,21,1
2026-04-07,601012,13:57:05,16.5200,7,2
2026-04-07,601012,13:57:08,16.5200,95,2
2026-04-07,601012,13:57:11,16.5200,20,2
2026-04-07,601012,13:57:14,16.5200,143,2
2026-04-07,601012,13:57:17,16.5200,158,2
2026-04-07,601012,13:57:20,16.5300,251,1
2026-04-07,601012,13:57:23,16.5300,54,1
2026-04-07,601012,13:57:26,16.5200,75,2
2026-04-07,601012,13:57:29,16.5300,98,1
2026-04-07,601012,13:57:32,16.5300,36,1
2026-04-07,601012,13:57:35,16.5300,36,1
2026-04-07,601012,13:57:38,16.5300,52,1
2026-04-07,601012,13:57:41,16.5200,145,2
2026-04-07,601012,13:57:44,16.5300,23,1
2026-04-07,601012,13:57:47,16.5300,41,1
2026-04-07,601012,13:57:50,16.5200,102,2
2026-04-07,601012,13:57:53,16.5300,244,1
2026-04-07,601012,13:57:59,16.5300,6,1
2026-04-07,601012,13:58:02,16.5300,49,1
2026-04-07,601012,13:58:05,16.5200,118,2
2026-04-07,601012,13:58:08,16.5300,9,1
2026-04-07,601012,13:58:11,16.5200,410,2
2026-04-07,601012,13:58:14,16.5200,43,1
2026-04-07,601012,13:58:17,16.5200,13,1
2026-04-07,601012,13:58:20,16.5200,42,1
2026-04-07,601012,13:58:23,16.5200,470,1
2026-04-07,601012,13:58:26,16.5100,371,2
2026-04-07,601012,13:58:29,16.5100,11,2
2026-04-07,601012,13:58:32,16.5200,80,1
2026-04-07,601012,13:58:35,16.5100,12,2
2026-04-07,601012,13:58:38,16.5100,32,2
2026-04-07,601012,13:58:41,16.5100,14,2
2026-04-07,601012,13:58:44,16.5200,14,1
2026-04-07,601012,13:58:47,16.5200,249,1
2026-04-07,601012,13:58:50,16.5100,152,2
2026-04-07,601012,13:58:53,16.5100,20,2
2026-04-07,601012,13:58:56,16.5200,29,1
2026-04-07,601012,13:58:59,16.5100,119,2
2026-04-07,601012,13:59:02,16.5100,34,1
2026-04-07,601012,13:59:05,16.5200,183,1
2026-04-07,601012,13:59:08,16.5100,2,4
2026-04-07,601012,13:59:11,16.5100,58,2
2026-04-07,601012,13:59:14,16.5100,249,2
2026-04-07,601012,13:59:17,16.5100,45,2
2026-04-07,601012,13:59:20,16.5200,820,1
2026-04-07,601012,13:59:23,16.5200,30,2
2026-04-07,601012,13:59:26,16.5300,99,1
2026-04-07,601012,13:59:29,16.5200,617,2
2026-04-07,601012,13:59:32,16.5300,50,1
2026-04-07,601012,13:59:35,16.5300,37,1
2026-04-07,601012,13:59:38,16.5300,57,1
2026-04-07,601012,13:59:41,16.5200,16,2
2026-04-07,601012,13:59:44,16.5200,78,2
2026-04-07,601012,13:59:47,16.5300,92,1
2026-04-07,601012,13:59:50,16.5200,36,2
2026-04-07,601012,13:59:53,16.5300,476,1
2026-04-07,601012,13:59:56,16.5300,23,2
2026-04-07,601012,13:59:59,16.5300,231,2
2026-04-07,601012,14:00:02,16.5400,82,1
2026-04-07,601012,14:00:05,16.5400,3,1
2026-04-07,601012,14:00:08,16.5400,21,1
2026-04-07,601012,14:00:11,16.5300,85,2
2026-04-07,601012,14:00:14,16.5400,686,1
2026-04-07,601012,14:00:17,16.5400,53,1
2026-04-07,601012,14:00:20,16.5400,15,1
2026-04-07,601012,14:00:23,16.5400,15,1
2026-04-07,601012,14:00:26,16.5300,14,2
2026-04-07,601012,14:00:29,16.5400,52,1
2026-04-07,601012,14:00:32,16.5400,51,1
2026-04-07,601012,14:00:35,16.5400,538,1
2026-04-07,601012,14:00:38,16.5400,87,2
2026-04-07,601012,14:00:41,16.5400,17,2
2026-04-07,601012,14:00:44,16.5400,125,2
2026-04-07,601012,14:00:47,16.5500,190,1
2026-04-07,601012,14:00:50,16.5500,37,1
2026-04-07,601012,14:00:53,16.5500,421,1
2026-04-07,601012,14:00:56,16.5500,682,1
2026-04-07,601012,14:00:59,16.5500,15,1
2026-04-07,601012,14:01:02,16.5500,192,2
2026-04-07,601012,14:01:05,16.5600,22,1
2026-04-07,601012,14:01:08,16.5600,126,1
2026-04-07,601012,14:01:11,16.5600,390,1
2026-04-07,601012,14:01:14,16.5500,216,2
2026-04-07,601012,14:01:17,16.5700,449,1
2026-04-07,601012,14:01:20,16.5600,19,2
2026-04-07,601012,14:01:23,16.5700,73,1
2026-04-07,601012,14:01:26,16.5700,28,1
2026-04-07,601012,14:01:29,16.5700,86,1
2026-04-07,601012,14:01:32,16.5700,298,1
2026-04-07,601012,14:01:35,16.5700,185,1
2026-04-07,601012,14:01:38,16.5700,62,1
2026-04-07,601012,14:01:41,16.5700,121,1
2026-04-07,601012,14:01:44,16.5700,33,1
2026-04-07,601012,14:01:47,16.5700,57,1
2026-04-07,601012,14:01:50,16.5600,65,2
2026-04-07,601012,14:01:53,16.5700,147,1
2026-04-07,601012,14:01:56,16.5700,190,1
2026-04-07,601012,14:01:59,16.5700,295,1
2026-04-07,601012,14:02:02,16.5700,39,1
2026-04-07,601012,14:02:05,16.5700,82,1
2026-04-07,601012,14:02:08,16.5700,271,1
2026-04-07,601012,14:02:11,16.5700,31,1
2026-04-07,601012,14:02:14,16.5700,8,1
2026-04-07,601012,14:02:17,16.5700,145,1
2026-04-07,601012,14:02:20,16.5700,39,1
2026-04-07,601012,14:02:23,16.5700,88,1
2026-04-07,601012,14:02:26,16.5700,74,1
2026-04-07,601012,14:02:29,16.5700,108,1
2026-04-07,601012,14:02:32,16.5700,256,1
2026-04-07,601012,14:02:35,16.5600,95,2
2026-04-07,601012,14:02:38,16.5600,108,2
2026-04-07,601012,14:02:41,16.5600,81,2
2026-04-07,601012,14:02:44,16.5600,157,2
2026-04-07,601012,14:02:47,16.5700,364,1
2026-04-07,601012,14:02:50,16.5600,90,2
2026-04-07,601012,14:02:53,16.5600,269,2
2026-04-07,601012,14:02:56,16.5600,52,1
2026-04-07,601012,14:02:59,16.5600,16,1
2026-04-07,601012,14:03:02,16.5600,31,1
2026-04-07,601012,14:03:05,16.5500,74,2
2026-04-07,601012,14:03:08,16.5600,30,1
2026-04-07,601012,14:03:11,16.5600,242,1
2026-04-07,601012,14:03:14,16.5500,56,2
2026-04-07,601012,14:03:17,16.5500,138,2
2026-04-07,601012,14:03:20,16.5500,218,2
2026-04-07,601012,14:03:23,16.5600,279,1
2026-04-07,601012,14:03:26,16.5500,150,2
2026-04-07,601012,14:03:29,16.5600,117,1
2026-04-07,601012,14:03:32,16.5600,189,1
2026-04-07,601012,14:03:35,16.5500,55,2
2026-04-07,601012,14:03:38,16.5500,40,2
2026-04-07,601012,14:03:41,16.5600,22,1
2026-04-07,601012,14:03:44,16.5600,190,1
2026-04-07,601012,14:03:47,16.5600,69,2
2026-04-07,601012,14:03:50,16.5600,51,2
2026-04-07,601012,14:03:53,16.5500,28,2
2026-04-07,601012,14:03:59,16.5600,71,1
2026-04-07,601012,14:04:02,16.5600,29,1
2026-04-07,601012,14:04:05,16.5600,6,1
2026-04-07,601012,14:04:08,16.5600,7,1
2026-04-07,601012,14:04:11,16.5500,30,2
2026-04-07,601012,14:04:14,16.5600,14,1
2026-04-07,601012,14:04:17,16.5500,125,2
2026-04-07,601012,14:04:20,16.5600,75,1
2026-04-07,601012,14:04:23,16.5600,22,1
2026-04-07,601012,14:04:26,16.5600,90,1
2026-04-07,601012,14:04:29,16.5500,260,2
2026-04-07,601012,14:04:32,16.5500,103,2
2026-04-07,601012,14:04:35,16.5500,77,2
2026-04-07,601012,14:04:38,16.5500,56,2
2026-04-07,601012,14:04:41,16.5500,64,2
2026-04-07,601012,14:04:44,16.5500,16,1
2026-04-07,601012,14:04:47,16.5500,73,1
2026-04-07,601012,14:04:50,16.5400,12,2
2026-04-07,601012,14:04:53,16.5500,6,1
2026-04-07,601012,14:04:56,16.5500,150,1
2026-04-07,601012,14:04:59,16.5500,3,1
2026-04-07,601012,14:05:02,16.5400,30,2
2026-04-07,601012,14:05:05,16.5400,37,2
2026-04-07,601012,14:05:08,16.5400,22,2
2026-04-07,601012,14:05:11,16.5500,105,1
2026-04-07,601012,14:05:14,16.5400,10,2
2026-04-07,601012,14:05:17,16.5500,37,1
2026-04-07,601012,14:05:20,16.5400,65,2
2026-04-07,601012,14:05:23,16.5400,75,2
2026-04-07,601012,14:05:26,16.5500,22,1
2026-04-07,601012,14:05:29,16.5500,20,1
2026-04-07,601012,14:05:32,16.5500,16,1
2026-04-07,601012,14:05:35,16.5400,66,2
2026-04-07,601012,14:05:38,16.5400,69,2
2026-04-07,601012,14:05:41,16.5400,244,2
2026-04-07,601012,14:05:44,16.5400,11,1
2026-04-07,601012,14:05:47,16.5400,6,1
2026-04-07,601012,14:05:50,16.5300,224,2
2026-04-07,601012,14:05:53,16.5300,58,2
2026-04-07,601012,14:05:56,16.5300,96,2
2026-04-07,601012,14:05:59,16.5300,156,2
2026-04-07,601012,14:06:02,16.5300,56,2
2026-04-07,601012,14:06:05,16.5300,45,2
2026-04-07,601012,14:06:08,16.5300,332,2
2026-04-07,601012,14:06:11,16.5300,23,1
2026-04-07,601012,14:06:14,16.5300,16,1
2026-04-07,601012,14:06:17,16.5300,53,1
2026-04-07,601012,14:06:20,16.5200,115,2
2026-04-07,601012,14:06:23,16.5300,34,1
2026-04-07,601012,14:06:26,16.5300,192,1
2026-04-07,601012,14:06:29,16.5300,25,1
2026-04-07,601012,14:06:32,16.5300,12,1
2026-04-07,601012,14:06:35,16.5200,7,2
2026-04-07,601012,10:55:53,16.5900,13,2
2026-04-07,601012,10:55:56,16.6000,45,1
2026-04-07,601012,10:55:59,16.5900,210,2
2026-04-07,601012,10:56:02,16.6000,3,1
2026-04-07,601012,10:56:05,16.6000,75,1
2026-04-07,601012,10:56:08,16.6000,49,1
2026-04-07,601012,10:56:11,16.6000,27,1
2026-04-07,601012,10:56:14,16.6000,10,1
2026-04-07,601012,10:56:17,16.5900,30,2
2026-04-07,601012,10:56:20,16.6000,8,1
2026-04-07,601012,10:56:23,16.6000,34,1
2026-04-07,601012,10:56:26,16.5900,47,2
2026-04-07,601012,10:56:29,16.5900,17,2
2026-04-07,601012,10:56:32,16.5900,37,2
2026-04-07,601012,10:56:35,16.5900,185,2
2026-04-07,601012,10:56:38,16.6000,147,1
2026-04-07,601012,10:56:41,16.5900,5,2
2026-04-07,601012,10:56:44,16.5900,25,2
2026-04-07,601012,10:56:47,16.5900,42,2
2026-04-07,601012,10:56:50,16.6000,11,1
2026-04-07,601012,10:56:53,16.5900,24,2
2026-04-07,601012,10:56:56,16.5900,41,2
2026-04-07,601012,10:56:59,16.5900,126,2
2026-04-07,601012,10:57:02,16.5900,233,2
2026-04-07,601012,10:57:05,16.6000,25,1
2026-04-07,601012,10:57:08,16.5900,81,2
2026-04-07,601012,10:57:11,16.6000,13,1
2026-04-07,601012,10:57:14,16.6000,30,1
2026-04-07,601012,10:57:17,16.5900,95,2
2026-04-07,601012,10:57:20,16.6000,32,1
2026-04-07,601012,10:57:23,16.6000,31,1
2026-04-07,601012,10:57:26,16.5900,51,2
2026-04-07,601012,10:57:29,16.6000,39,1
2026-04-07,601012,10:57:32,16.6000,49,1
2026-04-07,601012,10:57:35,16.5900,55,2
2026-04-07,601012,10:57:38,16.5900,30,2
2026-04-07,601012,10:57:41,16.5900,33,2
2026-04-07,601012,10:57:44,16.6000,88,1
2026-04-07,601012,10:57:47,16.5900,28,2
2026-04-07,601012,10:57:50,16.5900,133,2
2026-04-07,601012,10:57:53,16.5900,8,2
2026-04-07,601012,10:57:56,16.6000,33,1
2026-04-07,601012,10:57:59,16.5900,135,2
2026-04-07,601012,10:58:02,16.5900,205,1
2026-04-07,601012,10:58:05,16.5900,19,1
2026-04-07,601012,10:58:08,16.5900,111,1
2026-04-07,601012,10:58:11,16.5900,91,1
2026-04-07,601012,10:58:14,16.5900,35,1
2026-04-07,601012,10:58:17,16.5800,91,2
2026-04-07,601012,10:58:20,16.5800,286,2
2026-04-07,601012,10:58:23,16.5800,40,2
2026-04-07,601012,10:58:26,16.5800,224,2
2026-04-07,601012,10:58:29,16.5800,80,2
2026-04-07,601012,10:58:32,16.5900,33,1
2026-04-07,601012,10:58:35,16.5900,119,1
2026-04-07,601012,10:58:38,16.5900,38,1
2026-04-07,601012,10:58:41,16.5900,192,1
2026-04-07,601012,10:58:44,16.6000,110,1
2026-04-07,601012,10:58:47,16.5900,29,2
2026-04-07,601012,10:58:50,16.6000,35,1
2026-04-07,601012,10:58:53,16.5900,2,2
2026-04-07,601012,10:58:56,16.5900,37,2
2026-04-07,601012,10:58:59,16.6000,198,1
2026-04-07,601012,10:59:02,16.5900,33,2
2026-04-07,601012,10:59:05,16.5900,1223,2
2026-04-07,601012,10:59:08,16.6000,483,1
2026-04-07,601012,10:59:11,16.6000,229,2
2026-04-07,601012,10:59:14,16.6000,26,2
2026-04-07,601012,10:59:17,16.6000,35,2
2026-04-07,601012,10:59:20,16.6000,52,2
2026-04-07,601012,10:59:23,16.6100,21,1
2026-04-07,601012,10:59:26,16.6100,111,1
2026-04-07,601012,10:59:29,16.6000,30,4
2026-04-07,601012,10:59:32,16.6100,86,1
2026-04-07,601012,10:59:35,16.6000,49,4
2026-04-07,601012,10:59:38,16.6000,174,2
2026-04-07,601012,10:59:41,16.6000,70,4
2026-04-07,601012,10:59:44,16.6000,34,1
2026-04-07,601012,10:59:47,16.6000,31,1
2026-04-07,601012,10:59:50,16.6000,4,2
2026-04-07,601012,10:59:53,16.6000,29,2
2026-04-07,601012,10:59:56,16.6000,14,2
2026-04-07,601012,10:59:59,16.6100,24,1
2026-04-07,601012,11:00:02,16.6000,89,2
2026-04-07,601012,11:00:05,16.6000,87,1
2026-04-07,601012,11:00:08,16.6000,47,1
2026-04-07,601012,11:00:11,16.6000,105,2
2026-04-07,601012,11:00:14,16.6100,21,1
2026-04-07,601012,11:00:17,16.6100,31,1
2026-04-07,601012,11:00:20,16.6100,36,1
2026-04-07,601012,11:00:23,16.6100,152,1
2026-04-07,601012,11:00:26,16.6100,7,1
2026-04-07,601012,11:00:29,16.6000,33,2
2026-04-07,601012,11:00:32,16.6100,35,1
2026-04-07,601012,11:00:35,16.6000,114,2
2026-04-07,601012,11:00:38,16.6100,6,1
2026-04-07,601012,11:00:41,16.6000,27,2
2026-04-07,601012,11:00:44,16.6000,13,2
2026-04-07,601012,11:00:47,16.6000,75,2
2026-04-07,601012,11:00:50,16.6100,122,1
2026-04-07,601012,11:00:53,16.6000,77,2
2026-04-07,601012,11:00:59,16.6000,37,2
2026-04-07,601012,11:01:02,16.6100,88,1
2026-04-07,601012,11:01:05,16.6100,16,1
2026-04-07,601012,11:01:08,16.6100,1,1
2026-04-07,601012,11:01:11,16.6100,50,1
2026-04-07,601012,11:01:14,16.6100,13,1
2026-04-07,601012,11:01:17,16.6000,33,2
2026-04-07,601012,11:01:20,16.6100,61,1
2026-04-07,601012,11:01:23,16.6100,31,1
2026-04-07,601012,11:01:26,16.6100,21,1
2026-04-07,601012,11:01:29,16.6100,65,1
2026-04-07,601012,11:01:32,16.6000,26,2
2026-04-07,601012,11:01:35,16.6100,54,1
2026-04-07,601012,11:01:38,16.6100,71,1
2026-04-07,601012,11:01:41,16.6100,57,1
2026-04-07,601012,11:01:44,16.6100,46,1
2026-04-07,601012,11:01:47,16.6000,47,2
2026-04-07,601012,11:01:53,16.6100,68,1
2026-04-07,601012,11:01:56,16.6100,92,1
2026-04-07,601012,11:01:59,16.6100,10,1
2026-04-07,601012,11:02:02,16.6000,49,2
2026-04-07,601012,11:02:05,16.6000,701,2
2026-04-07,601012,11:02:08,16.6000,19,1
2026-04-07,601012,11:02:11,16.6000,219,1
2026-04-07,601012,11:02:14,16.6000,324,1
2026-04-07,601012,11:02:17,16.6000,56,2
2026-04-07,601012,11:02:20,16.6000,10,2
2026-04-07,601012,11:02:23,16.6100,54,1
2026-04-07,601012,11:02:26,16.6100,12,1
2026-04-07,601012,11:02:29,16.6100,30,1
2026-04-07,601012,11:02:32,16.6000,58,2
2026-04-07,601012,11:02:35,16.6000,69,2
2026-04-07,601012,11:02:38,16.6000,26,2
2026-04-07,601012,11:02:41,16.6000,1,2
2026-04-07,601012,11:02:44,16.6000,12,2
2026-04-07,601012,11:02:47,16.6000,116,2
2026-04-07,601012,11:02:50,16.6100,29,1
2026-04-07,601012,11:02:53,16.6100,293,1
2026-04-07,601012,11:02:56,16.6100,35,2
2026-04-07,601012,11:02:59,16.6100,69,2
2026-04-07,601012,11:03:02,16.6300,585,1
2026-04-07,601012,11:03:05,16.6200,49,2
2026-04-07,601012,11:03:08,16.6200,79,2
2026-04-07,601012,11:03:11,16.6200,39,2
2026-04-07,601012,11:03:14,16.6300,13,1
2026-04-07,601012,11:03:17,16.6200,5,2
2026-04-07,601012,11:03:20,16.6200,275,2
2026-04-07,601012,11:03:23,16.6300,140,1
2026-04-07,601012,11:03:26,16.6200,68,2
2026-04-07,601012,11:03:29,16.6200,105,2
2026-04-07,601012,11:03:32,16.6300,43,1
2026-04-07,601012,11:03:35,16.6300,17,1
2026-04-07,601012,11:03:38,16.6200,45,2
2026-04-07,601012,11:03:41,16.6300,19,1
2026-04-07,601012,11:03:44,16.6300,14,1
2026-04-07,601012,11:03:47,16.6300,361,1
2026-04-07,601012,11:03:50,16.6200,145,2
2026-04-07,601012,11:03:53,16.6200,107,2
2026-04-07,601012,11:03:56,16.6300,34,1
2026-04-07,601012,11:03:59,16.6200,12,2
2026-04-07,601012,11:04:05,16.6300,35,1
2026-04-07,601012,11:04:08,16.6200,25,2
2026-04-07,601012,11:04:11,16.6200,48,2
2026-04-07,601012,11:04:14,16.6200,99,2
2026-04-07,601012,11:04:17,16.6300,296,1
2026-04-07,601012,11:04:20,16.6300,47,1
2026-04-07,601012,11:04:23,16.6200,43,2
2026-04-07,601012,11:04:26,16.6300,1,1
2026-04-07,601012,11:04:29,16.6300,20,1
2026-04-07,601012,11:04:32,16.6300,87,1
2026-04-07,601012,11:04:35,16.6200,66,2
2026-04-07,601012,11:04:38,16.6300,13,1
2026-04-07,601012,11:04:44,16.6300,147,1
2026-04-07,601012,11:04:47,16.6300,113,1
2026-04-07,601012,11:04:50,16.6200,1,2
2026-04-07,601012,11:04:53,16.6300,52,1
2026-04-07,601012,11:04:56,16.6300,30,1
2026-04-07,601012,11:04:59,16.6300,70,1
2026-04-07,601012,11:05:02,16.6200,29,2
2026-04-07,601012,11:05:05,16.6300,65,1
2026-04-07,601012,11:05:08,16.6300,28,1
2026-04-07,601012,11:05:11,16.6300,45,1
2026-04-07,601012,11:05:14,16.6200,41,2
2026-04-07,601012,11:05:17,16.6200,17,2
2026-04-07,601012,11:05:20,16.6300,107,1
2026-04-07,601012,11:05:23,16.6300,16,1
2026-04-07,601012,11:05:26,16.6300,22,1
2026-04-07,601012,11:05:29,16.6200,16,2
2026-04-07,601012,11:05:32,16.6300,44,1
2026-04-07,601012,11:05:35,16.6300,23,1
2026-04-07,601012,11:05:38,16.6300,67,1
2026-04-07,601012,11:05:41,16.6200,75,2
2026-04-07,601012,11:05:44,16.6200,11,2
2026-04-07,601012,11:05:47,16.6300,187,1
2026-04-07,601012,11:05:50,16.6300,58,1
2026-04-07,601012,11:05:53,16.6200,88,2
2026-04-07,601012,11:05:56,16.6200,32,1
2026-04-07,601012,11:05:59,16.6200,20,1
2026-04-07,601012,11:06:02,16.6200,17,1
2026-04-07,601012,11:06:05,16.6200,294,1
2026-04-07,601012,11:06:08,16.6100,19,2
2026-04-07,601012,11:06:11,16.6200,3,1
2026-04-07,601012,11:06:14,16.6200,23,1
2026-04-07,601012,11:06:17,16.6100,101,2
2026-04-07,601012,11:06:20,16.6200,55,1
2026-04-07,601012,11:06:23,16.6200,99,1
2026-04-07,601012,11:06:26,16.6100,101,2
2026-04-07,601012,11:06:29,16.6200,11,1
2026-04-07,601012,11:06:32,16.6100,21,2
2026-04-07,601012,11:06:35,16.6200,47,1
2026-04-07,601012,11:06:38,16.6100,17,2
2026-04-07,601012,11:06:41,16.6200,80,1
2026-04-07,601012,11:06:44,16.6200,91,1
2026-04-07,601012,11:06:47,16.6100,45,2
2026-04-07,601012,11:06:50,16.6100,45,2
2026-04-07,601012,11:06:53,16.6200,45,1
2026-04-07,601012,11:06:56,16.6200,24,1
2026-04-07,601012,11:06:59,16.6200,30,1
2026-04-07,601012,11:07:02,16.6100,5,2
2026-04-07,601012,11:07:05,16.6100,27,2
2026-04-07,601012,11:07:08,16.6100,65,2
2026-04-07,601012,11:07:14,16.6100,109,2
2026-04-07,601012,11:07:17,16.6100,238,1
2026-04-07,601012,11:07:20,16.6100,32,2
2026-04-07,601012,11:07:23,16.6100,29,2
2026-04-07,601012,11:07:26,16.6100,28,2
2026-04-07,601012,11:07:29,16.6100,1,2
2026-04-07,601012,11:07:32,16.6100,100,2
2026-04-07,601012,11:07:35,16.6100,30,1
2026-04-07,601012,11:07:38,16.6100,456,1
2026-04-07,601012,11:07:41,16.6200,225,1
2026-04-07,601012,11:07:44,16.6100,5,2
2026-04-07,601012,11:07:47,16.6100,10,2
2026-04-07,601012,11:07:50,16.6100,207,2
2026-04-07,601012,11:07:53,16.6100,45,2
2026-04-07,601012,11:07:56,16.6100,43,2
2026-04-07,601012,11:07:59,16.6100,54,2
2026-04-07,601012,11:08:02,16.6100,16,2
2026-04-07,601012,11:08:05,16.6100,92,2
2026-04-07,601012,11:08:08,16.6100,97,2
2026-04-07,601012,11:08:11,16.6000,33,2
2026-04-07,601012,11:08:14,16.6100,41,1
2026-04-07,601012,11:08:17,16.6000,57,2
2026-04-07,601012,11:08:20,16.6000,7,2
2026-04-07,601012,11:08:23,16.6100,33,1
2026-04-07,601012,11:08:26,16.6100,89,1
2026-04-07,601012,11:08:29,16.6000,11,2
2026-04-07,601012,11:08:32,16.6100,47,1
2026-04-07,601012,11:08:35,16.6100,9,1
2026-04-07,601012,11:08:38,16.6100,72,2
2026-04-07,601012,11:08:41,16.6100,63,2
2026-04-07,601012,11:08:44,16.6200,98,1
2026-04-07,601012,11:08:47,16.6100,36,2
2026-04-07,601012,11:08:50,16.6200,514,1
2026-04-07,601012,11:08:53,16.6100,15,2
2026-04-07,601012,11:08:56,16.6100,65,2
2026-04-07,601012,11:08:59,16.6100,7,2
2026-04-07,601012,11:09:02,16.6100,14,2
2026-04-07,601012,11:09:05,16.6100,54,2
2026-04-07,601012,11:09:08,16.6100,53,4
2026-04-07,601012,11:09:11,16.6100,48,2
2026-04-07,601012,11:09:14,16.6200,60,1
2026-04-07,601012,11:09:17,16.6100,49,2
2026-04-07,601012,11:09:20,16.6100,24,2
2026-04-07,601012,11:09:23,16.6100,9,2
2026-04-07,601012,11:09:26,16.6100,110,2
2026-04-07,601012,11:09:29,16.6200,28,1
2026-04-07,601012,11:09:32,16.6100,76,2
2026-04-07,601012,11:09:35,16.6100,59,2
2026-04-07,601012,11:09:38,16.6200,488,1
2026-04-07,601012,11:09:41,16.6200,45,2
2026-04-07,601012,11:09:44,16.6200,46,2
2026-04-07,601012,11:09:47,16.6200,4,2
2026-04-07,601012,11:09:50,16.6300,11,1
2026-04-07,601012,11:09:53,16.6200,120,2
2026-04-07,601012,11:09:56,16.6200,40,2
2026-04-07,601012,11:09:59,16.6200,18,2
2026-04-07,601012,11:10:02,16.6300,35,1
2026-04-07,601012,11:10:05,16.6300,107,1
2026-04-07,601012,11:10:08,16.6200,560,2
2026-04-07,601012,11:10:11,16.6300,39,1
2026-04-07,601012,11:10:14,16.6300,2,1
2026-04-07,601012,11:10:17,16.6300,32,1
2026-04-07,601012,11:10:20,16.6300,113,1
2026-04-07,601012,11:10:23,16.6300,23,1
2026-04-07,601012,11:10:26,16.6300,36,1
2026-04-07,601012,11:10:29,16.6300,12,1
2026-04-07,601012,11:10:32,16.6300,7,1
2026-04-07,601012,11:10:35,16.6300,63,1
2026-04-07,601012,11:10:38,16.6300,5,1
2026-04-07,601012,11:10:41,16.6200,80,2
2026-04-07,601012,11:10:44,16.6200,27,2
2026-04-07,601012,11:10:47,16.6300,25,1
2026-04-07,601012,11:10:50,16.6200,22,2
2026-04-07,601012,11:10:53,16.6300,13,1
2026-04-07,601012,11:10:56,16.6200,124,2
2026-04-07,601012,11:10:59,16.6200,43,2
2026-04-07,601012,11:11:02,16.6300,43,1
2026-04-07,601012,11:11:05,16.6200,60,2
2026-04-07,601012,11:11:08,16.6300,74,1
2026-04-07,601012,11:11:11,16.6300,69,1
2026-04-07,601012,11:11:14,16.6200,33,2
2026-04-07,601012,11:11:17,16.6200,75,2
2026-04-07,601012,11:11:20,16.6300,176,1
2026-04-07,601012,11:11:23,16.6200,125,2
2026-04-07,601012,11:11:26,16.6300,107,1
2026-04-07,601012,11:11:29,16.6300,65,1
2026-04-07,601012,11:11:32,16.6300,17,1
2026-04-07,601012,11:11:35,16.6300,33,1
2026-04-07,601012,11:11:38,16.6200,188,2
2026-04-07,601012,11:11:41,16.6200,6,1
2026-04-07,601012,11:11:44,16.6200,24,1
2026-04-07,601012,11:11:47,16.6200,41,1
2026-04-07,601012,11:11:50,16.6200,32,1
2026-04-07,601012,11:11:53,16.6100,41,2
2026-04-07,601012,11:11:56,16.6100,23,2
2026-04-07,601012,11:11:59,16.6100,200,2
2026-04-07,601012,11:12:02,16.6100,446,2
2026-04-07,601012,11:12:05,16.6100,32,2
2026-04-07,601012,11:12:08,16.6100,56,2
2026-04-07,601012,11:12:11,16.6200,30,1
2026-04-07,601012,11:12:14,16.6100,40,2
2026-04-07,601012,11:12:17,16.6200,23,1
2026-04-07,601012,11:12:20,16.6100,35,2
2026-04-07,601012,11:12:23,16.6100,24,2
2026-04-07,601012,11:12:26,16.6100,1,2
2026-04-07,601012,11:12:29,16.6100,31,2
2026-04-07,601012,11:12:32,16.6000,61,2
2026-04-07,601012,11:12:38,16.6100,13,1
2026-04-07,601012,11:12:41,16.6100,16,1
2026-04-07,601012,11:12:44,16.6000,216,2
2026-04-07,601012,11:12:47,16.6100,27,1
2026-04-07,601012,11:12:50,16.6000,6,2
2026-04-07,601012,11:12:53,16.6100,44,1
2026-04-07,601012,11:12:56,16.6100,696,1
2026-04-07,601012,11:12:59,16.6100,55,1
2026-04-07,601012,11:13:02,16.6100,66,1
2026-04-07,601012,11:13:05,16.6000,10,2
2026-04-07,601012,11:13:08,16.6100,65,1
2026-04-07,601012,11:13:11,16.6000,95,2
2026-04-07,601012,11:13:14,16.6000,52,2
2026-04-07,601012,11:13:17,16.6100,340,1
2026-04-07,601012,11:13:20,16.6000,1105,2
2026-04-07,601012,11:13:26,16.6000,18,1
2026-04-07,601012,11:13:29,16.6000,33,1
2026-04-07,601012,11:13:32,16.6000,43,1
2026-04-07,601012,11:13:35,16.6000,121,1
2026-04-07,601012,11:13:38,16.5900,79,2
2026-04-07,601012,11:13:41,16.6000,2,1
2026-04-07,601012,11:13:44,16.5900,33,2
2026-04-07,601012,11:13:47,16.6000,85,1
2026-04-07,601012,11:13:50,16.6000,32,1
2026-04-07,601012,11:13:53,16.5900,44,2
2026-04-07,601012,11:13:56,16.5900,15,2
2026-04-07,601012,11:13:59,16.5900,77,2
2026-04-07,601012,11:14:02,16.6000,130,1
2026-04-07,601012,11:14:05,16.5900,175,2
2026-04-07,601012,11:14:08,16.5900,184,2
2026-04-07,601012,11:14:11,16.5900,105,2
2026-04-07,601012,11:14:14,16.5900,79,2
2026-04-07,601012,11:14:17,16.6000,30,1
2026-04-07,601012,11:14:20,16.5900,69,2
2026-04-07,601012,11:14:23,16.6000,36,1
2026-04-07,601012,11:14:26,16.6000,182,1
2026-04-07,601012,11:14:29,16.6000,94,1
2026-04-07,601012,11:14:32,16.5900,89,2
2026-04-07,601012,11:14:35,16.5900,36,2
2026-04-07,601012,11:14:38,16.6000,71,1
2026-04-07,601012,11:14:41,16.6000,160,1
2026-04-07,601012,11:14:44,16.5900,36,2
2026-04-07,601012,11:14:47,16.6000,1,1
2026-04-07,601012,11:14:50,16.6000,17,1
2026-04-07,601012,11:14:53,16.6000,39,1
2026-04-07,601012,11:14:56,16.5900,39,2
2026-04-07,601012,11:14:59,16.5900,91,2
2026-04-07,601012,11:15:02,16.5900,102,2
2026-04-07,601012,11:15:05,16.5900,36,2
2026-04-07,601012,11:15:08,16.5900,67,2
2026-04-07,601012,11:15:11,16.6000,10,1
2026-04-07,601012,11:15:14,16.5900,50,2
2026-04-07,601012,11:15:17,16.5900,42,2
2026-04-07,601012,11:15:20,16.5900,42,2
2026-04-07,601012,11:15:23,16.5900,36,2
2026-04-07,601012,11:15:26,16.6000,367,1
2026-04-07,601012,11:15:29,16.5900,420,2
2026-04-07,601012,11:15:32,16.5900,183,2
2026-04-07,601012,11:15:35,16.6000,42,1
2026-04-07,601012,11:15:38,16.5900,11,2
2026-04-07,601012,11:15:41,16.6000,5,1
2026-04-07,601012,11:15:44,16.5900,40,2
2026-04-07,601012,11:15:47,16.5900,124,2
2026-04-07,601012,11:15:50,16.5900,108,2
2026-04-07,601012,11:15:53,16.5900,118,2
2026-04-07,601012,11:15:56,16.5900,54,2
2026-04-07,601012,11:15:59,16.5900,56,2
2026-04-07,601012,11:16:02,16.5900,24,2
2026-04-07,601012,11:16:05,16.6000,81,1
2026-04-07,601012,11:16:08,16.5900,229,2
2026-04-07,601012,11:16:11,16.5900,102,2
2026-04-07,601012,11:16:14,16.5900,2,2
2026-04-07,601012,11:16:17,16.5900,30,2
2026-04-07,601012,11:16:20,16.5900,84,2
2026-04-07,601012,11:16:23,16.6000,48,1
2026-04-07,601012,11:16:26,16.5900,332,2
2026-04-07,601012,11:16:29,16.5900,20,2
2026-04-07,601012,11:16:32,16.5900,151,2
2026-04-07,601012,11:16:35,16.5900,65,2
2026-04-07,601012,11:16:38,16.5900,57,2
2026-04-07,601012,11:16:41,16.5900,29,2
2026-04-07,601012,11:16:44,16.5900,202,2
2026-04-07,601012,11:16:47,16.5900,123,2
2026-04-07,601012,11:16:50,16.5900,67,2
2026-04-07,601012,11:16:53,16.5900,31,1
2026-04-07,601012,11:16:56,16.5900,13,1
2026-04-07,601012,11:16:59,16.5900,61,1
2026-04-07,601012,11:17:02,16.5900,100,1
2026-04-07,601012,11:17:05,16.5900,2,1
2026-04-07,601012,11:17:08,16.5800,58,2
2026-04-07,601012,11:17:11,16.5900,180,1
2026-04-07,601012,11:17:14,16.5900,63,1
2026-04-07,601012,11:17:17,16.5800,223,2
2026-04-07,601012,11:17:20,16.5900,53,1
2026-04-07,601012,11:17:23,16.5900,12,1
2026-04-07,601012,11:17:26,16.5900,94,1
2026-04-07,601012,11:17:32,16.5900,20,1
2026-04-07,601012,11:17:35,16.5900,107,1
2026-04-07,601012,11:17:38,16.5900,137,1
2026-04-07,601012,11:17:41,16.5900,43,2
2026-04-07,601012,11:17:44,16.5900,50,2
2026-04-07,601012,11:17:47,16.6000,50,1
2026-04-07,601012,11:17:50,16.6000,18,1
2026-04-07,601012,11:17:53,16.5900,37,2
2026-04-07,601012,11:17:56,16.6000,3,1
2026-04-07,601012,11:17:59,16.6000,14,1
2026-04-07,601012,11:18:02,16.5900,18,2
2026-04-07,601012,11:18:05,16.5900,2,2
2026-04-07,601012,11:18:08,16.6000,10,1
2026-04-07,601012,11:18:11,16.6000,2,1
2026-04-07,601012,11:18:14,16.5900,62,2
2026-04-07,601012,11:18:17,16.5900,121,2
2026-04-07,601012,11:18:20,16.5900,99,2
2026-04-07,601012,11:18:23,16.5900,27,2
2026-04-07,601012,11:18:26,16.5900,29,1
2026-04-07,601012,11:18:29,16.5900,24,2
2026-04-07,601012,11:18:32,16.5800,92,2
2026-04-07,601012,11:18:35,16.5800,3,2
2026-04-07,601012,11:18:38,16.5800,55,2
2026-04-07,601012,11:18:41,16.5900,50,1
2026-04-07,601012,11:18:44,16.5900,603,1
2026-04-07,601012,11:18:47,16.5800,21,2
2026-04-07,601012,11:18:50,16.5900,43,1
2026-04-07,601012,11:18:53,16.5900,30,1
2026-04-07,601012,11:18:56,16.5800,93,2
2026-04-07,601012,11:18:59,16.5800,17,2
2026-04-07,601012,11:19:02,16.5800,55,2
2026-04-07,601012,11:19:05,16.5900,83,1
2026-04-07,601012,11:19:08,16.5900,15,1
2026-04-07,601012,11:19:11,16.5800,340,2
2026-04-07,601012,11:19:14,16.5800,16,2
2026-04-07,601012,11:19:17,16.5900,60,1
2026-04-07,601012,11:19:20,16.5800,162,2
2026-04-07,601012,11:19:23,16.5800,63,2
2026-04-07,601012,11:19:26,16.5900,493,1
2026-04-07,601012,11:19:29,16.5800,57,2
2026-04-07,601012,11:19:32,16.5800,1736,2
2026-04-07,601012,11:19:35,16.5700,52,2
2026-04-07,601012,11:19:38,16.5800,25,1
2026-04-07,601012,11:19:41,16.5800,42,1
2026-04-07,601012,11:19:44,16.5700,74,2
2026-04-07,601012,11:19:47,16.5700,567,2
2026-04-07,601012,11:19:50,16.5700,167,2
2026-04-07,601012,11:19:53,16.5800,120,1
2026-04-07,601012,11:19:56,16.5700,149,2
2026-04-07,601012,11:19:59,16.5700,232,2
2026-04-07,601012,11:20:02,16.5700,110,2
