date,code,time,price,volume,bs
2026-04-03,601012,14:07:07,16.7100,14,1
2026-04-03,601012,14:07:10,16.7100,133,1
2026-04-03,601012,14:07:13,16.7100,113,1
2026-04-03,601012,14:07:16,16.7100,108,1
2026-04-03,601012,14:07:19,16.7100,96,1
2026-04-03,601012,14:07:22,16.7000,73,2
2026-04-03,601012,14:07:25,16.7100,209,1
2026-04-03,601012,14:07:28,16.7000,85,2
2026-04-03,601012,14:07:31,16.7000,131,2
2026-04-03,601012,14:07:34,16.7000,1610,2
2026-04-03,601012,14:07:37,16.7000,511,2
2026-04-03,601012,14:07:40,16.7000,690,2
2026-04-03,601012,14:07:43,16.7000,306,2
2026-04-03,601012,14:07:46,16.7000,272,2
2026-04-03,601012,14:07:48,16.7000,285,2
2026-04-03,601012,14:07:52,16.7000,400,2
2026-04-03,601012,14:07:55,16.7000,107,2
2026-04-03,601012,14:07:58,16.7000,79,1
2026-04-03,601012,14:08:01,16.7000,71,1
2026-04-03,601012,14:08:04,16.6900,126,2
2026-04-03,601012,14:08:07,16.7000,71,1
2026-04-03,601012,14:08:10,16.6900,459,2
2026-04-03,601012,14:08:13,16.6900,154,2
2026-04-03,601012,14:08:16,16.7000,170,1
2026-04-03,601012,14:08:19,16.7000,186,1
2026-04-03,601012,14:08:22,16.7000,50,1
2026-04-03,601012,14:08:25,16.6900,48,2
2026-04-03,601012,14:08:28,16.7000,82,1
2026-04-03,601012,14:08:31,16.6900,154,2
2026-04-03,601012,14:08:34,16.6900,318,2
2026-04-03,601012,14:08:37,16.7000,184,1
2026-04-03,601012,14:08:40,16.7000,188,1
2026-04-03,601012,14:08:43,16.6900,91,2
2026-04-03,601012,14:08:45,16.7000,81,1
2026-04-03,601012,14:08:49,16.6900,55,2
2026-04-03,601012,14:08:51,16.7000,112,1
2026-04-03,601012,14:08:55,16.6900,398,2
2026-04-03,601012,14:08:58,16.7000,58,1
2026-04-03,601012,14:09:01,16.6900,49,2
2026-04-03,601012,14:09:04,16.7000,194,1
2026-04-03,601012,14:09:07,16.6900,152,2
2026-04-03,601012,14:09:09,16.7000,91,1
2026-04-03,601012,14:09:13,16.6900,45,2
2026-04-03,601012,14:09:16,16.6900,89,2
2026-04-03,601012,14:09:19,16.7000,115,1
2026-04-03,601012,14:09:21,16.7000,651,1
2026-04-03,601012,14:09:25,16.7000,74,1
2026-04-03,601012,14:09:28,16.7000,189,1
2026-04-03,601012,14:09:31,16.7000,162,1
2026-04-03,601012,14:09:34,16.7000,179,1
2026-04-03,601012,14:09:36,16.7000,36,1
2026-04-03,601012,14:09:40,16.6900,58,2
2026-04-03,601012,14:09:43,16.7000,577,1
2026-04-03,601012,14:09:46,16.6900,53,2
2026-04-03,601012,14:09:49,16.7000,65,1
2026-04-03,601012,14:09:52,16.6900,118,2
2026-04-03,601012,14:09:55,16.7000,374,1
2026-04-03,601012,14:09:58,16.7000,141,1
2026-04-03,601012,14:10:00,16.6900,254,2
2026-04-03,601012,14:10:04,16.7000,204,1
2026-04-03,601012,14:10:07,16.7000,76,1
2026-04-03,601012,14:10:10,16.6900,102,2
2026-04-03,601012,14:10:13,16.7000,137,1
2026-04-03,601012,14:10:16,16.6900,232,2
2026-04-03,601012,14:10:19,16.6900,141,1
2026-04-03,601012,14:10:22,16.6900,151,1
2026-04-03,601012,14:10:25,16.6800,134,2
2026-04-03,601012,14:10:27,16.6800,227,2
2026-04-03,601012,14:10:31,16.6800,124,2
2026-04-03,601012,14:10:34,16.6900,208,1
2026-04-03,601012,14:10:37,16.6900,39,1
2026-04-03,601012,14:10:40,16.6900,78,1
2026-04-03,601012,14:10:43,16.6800,80,2
2026-04-03,601012,14:10:46,16.6900,211,1
2026-04-03,601012,14:10:49,16.6900,135,1
2026-04-03,601012,14:10:52,16.6900,44,1
2026-04-03,601012,14:10:55,16.6800,137,2
2026-04-03,601012,14:10:58,16.6800,49,2
2026-04-03,601012,14:11:01,16.6800,307,2
2026-04-03,601012,14:11:04,16.6900,190,1
2026-04-03,601012,14:11:07,16.6800,226,2
2026-04-03,601012,14:11:10,16.6900,61,1
2026-04-03,601012,14:11:13,16.6900,43,1
2026-04-03,601012,14:11:16,16.6800,581,2
2026-04-03,601012,14:11:19,16.6800,49,2
2026-04-03,601012,14:11:21,16.6800,53,2
2026-04-03,601012,14:11:25,16.6800,197,2
2026-04-03,601012,14:11:28,16.6800,386,2
2026-04-03,601012,14:11:31,16.6900,97,1
2026-04-03,601012,14:11:34,16.6800,337,2
2026-04-03,601012,14:11:37,16.6800,464,2
2026-04-03,601012,14:11:40,16.6800,250,2
2026-04-03,601012,14:11:43,16.6800,238,2
2026-04-03,601012,14:11:46,16.6800,69,2
2026-04-03,601012,14:11:49,16.6900,167,1
2026-04-03,601012,14:11:52,16.6800,52,2
2026-04-03,601012,14:11:55,16.6900,232,1
2026-04-03,601012,14:11:58,16.6900,64,1
2026-04-03,601012,14:12:01,16.6900,53,1
2026-04-03,601012,14:12:04,16.6800,127,2
2026-04-03,601012,14:12:07,16.6900,420,1
2026-04-03,601012,14:12:10,16.6800,795,2
2026-04-03,601012,14:12:13,16.6800,128,2
2026-04-03,601012,14:12:15,16.6800,95,2
2026-04-03,601012,14:12:19,16.6900,337,1
2026-04-03,601012,14:12:22,16.6900,89,1
2026-04-03,601012,14:12:25,16.6900,349,1
2026-04-03,601012,14:12:28,16.6900,107,1
2026-04-03,601012,14:12:31,16.6800,30,2
2026-04-03,601012,14:12:34,16.6900,149,1
2026-04-03,601012,14:12:37,16.6900,314,1
2026-04-03,601012,14:12:40,16.6900,199,1
2026-04-03,601012,14:12:43,16.6800,147,2
2026-04-03,601012,14:12:46,16.6900,1175,1
2026-04-03,601012,14:12:49,16.6900,52,1
2026-04-03,601012,14:12:52,16.6800,342,2
2026-04-03,601012,14:12:55,16.6900,99,1
2026-04-03,601012,14:12:58,16.6900,92,1
2026-04-03,601012,14:13:01,16.6900,30,1
2026-04-03,601012,14:13:04,16.6900,247,1
2026-04-03,601012,14:13:07,16.6800,51,2
2026-04-03,601012,14:13:10,16.6800,73,2
2026-04-03,601012,14:13:13,16.6900,74,1
2026-04-03,601012,14:13:16,16.6800,277,2
2026-04-03,601012,14:13:18,16.6900,49,1
2026-04-03,601012,14:13:22,16.6900,18,1
2026-04-03,601012,14:13:25,16.6900,723,1
2026-04-03,601012,14:13:28,16.6800,97,2
2026-04-03,601012,14:13:31,16.6900,19,1
2026-04-03,601012,14:13:34,16.6900,283,1
2026-04-03,601012,14:13:37,16.6900,257,1
2026-04-03,601012,14:13:40,16.6800,180,2
2026-04-03,601012,14:13:43,16.6800,196,2
2026-04-03,601012,14:13:46,16.6900,221,1
2026-04-03,601012,14:13:49,16.6900,138,1
2026-04-03,601012,14:13:52,16.6900,198,1
2026-04-03,601012,14:13:55,16.6900,43,1
2026-04-03,601012,14:13:58,16.6900,241,1
2026-04-03,601012,14:14:01,16.6800,32,2
2026-04-03,601012,14:14:04,16.6800,245,2
2026-04-03,601012,14:14:06,16.6800,246,2
2026-04-03,601012,14:14:10,16.6800,75,2
2026-04-03,601012,14:14:13,16.6800,70,2
2026-04-03,601012,14:14:15,16.6800,74,2
2026-04-03,601012,14:14:19,16.6900,125,1
2026-04-03,601012,14:14:21,16.6900,287,1
2026-04-03,601012,14:14:25,16.6900,514,1
2026-04-03,601012,14:14:28,16.6800,372,2
2026-04-03,601012,14:14:31,16.6800,310,2
2026-04-03,601012,14:14:34,16.6800,227,2
2026-04-03,601012,14:14:37,16.6900,18,1
2026-04-03,601012,14:14:40,16.6900,123,1
2026-04-03,601012,14:14:42,16.6900,37,1
2026-04-03,601012,14:14:46,16.6900,243,1
2026-04-03,601012,14:14:49,16.6900,45,1
2026-04-03,601012,14:14:52,16.6800,298,2
2026-04-03,601012,14:14:55,16.6900,55,1
2026-04-03,601012,14:14:58,16.6900,69,1
2026-04-03,601012,14:15:01,16.6800,182,2
2026-04-03,601012,14:15:04,16.6900,178,1
2026-04-03,601012,14:15:07,16.6900,138,1
2026-04-03,601012,14:15:10,16.6900,147,1
2026-04-03,601012,14:15:13,16.6800,108,2
2026-04-03,601012,14:15:16,16.6900,226,1
2026-04-03,601012,14:15:19,16.6800,170,2
2026-04-03,601012,14:15:22,16.6900,184,1
2026-04-03,601012,14:15:25,16.6800,163,2
2026-04-03,601012,14:15:28,16.6900,43,1
2026-04-03,601012,14:15:31,16.6900,73,1
2026-04-03,601012,14:15:34,16.6900,104,1
2026-04-03,601012,14:15:37,16.6800,93,2
2026-04-03,601012,14:15:40,16.6900,249,1
2026-04-03,601012,14:15:42,16.6900,64,1
2026-04-03,601012,14:15:46,16.6900,29,1
2026-04-03,601012,14:15:49,16.6900,211,1
2026-04-03,601012,14:15:52,16.6900,143,1
2026-04-03,601012,14:15:55,16.6800,849,2
2026-04-03,601012,14:15:58,16.6800,372,2
2026-04-03,601012,14:16:01,16.6800,18,2
2026-04-03,601012,14:16:04,16.6900,186,1
2026-04-03,601012,14:16:07,16.6800,36,2
2026-04-03,601012,14:16:10,16.6800,252,2
2026-04-03,601012,14:16:13,16.6900,102,1
2026-04-03,601012,14:16:16,16.6900,124,1
2026-04-03,601012,14:16:19,16.6800,81,2
2026-04-03,601012,14:16:22,16.6800,194,2
2026-04-03,601012,14:16:25,16.6900,68,1
2026-04-03,601012,14:16:27,16.6900,152,1
2026-04-03,601012,14:16:31,16.6900,46,1
2026-04-03,601012,14:16:34,16.6900,373,1
2026-04-03,601012,14:16:37,16.6800,90,2
2026-04-03,601012,14:16:40,16.6900,224,1
2026-04-03,601012,14:16:43,16.6900,216,1
2026-04-03,601012,14:16:46,16.6900,187,1
2026-04-03,601012,14:16:49,16.6800,146,2
2026-04-03,601012,14:16:52,16.6800,148,2
2026-04-03,601012,14:16:55,16.6900,46,1
2026-04-03,601012,14:16:57,16.6800,290,2
2026-04-03,601012,14:17:01,16.6800,178,2
2026-04-03,601012,14:17:04,16.6800,314,2
2026-04-03,601012,14:17:07,16.6800,175,2
2026-04-03,601012,14:17:10,16.6900,340,1
2026-04-03,601012,14:17:13,16.6800,273,2
2026-04-03,601012,14:17:16,16.6800,310,2
2026-04-03,601012,14:17:18,16.6800,63,2
2026-04-03,601012,14:17:22,16.6900,137,1
2026-04-03,601012,14:17:25,16.6800,376,2
2026-04-03,601012,14:17:28,16.6800,87,2
2026-04-03,601012,14:17:31,16.6800,160,1
2026-04-03,601012,14:17:33,16.6800,261,1
2026-04-03,601012,14:17:37,16.6800,215,1
2026-04-03,601012,14:17:40,16.6800,92,1
2026-04-03,601012,14:17:43,16.6800,396,1
2026-04-03,601012,14:17:46,16.6800,38,2
2026-04-03,601012,14:17:49,16.6900,46,1
2026-04-03,601012,14:17:52,16.6900,205,1
2026-04-03,601012,14:17:55,16.6800,83,2
2026-04-03,601012,14:17:58,16.6900,234,1
2026-04-03,601012,14:18:01,16.6800,123,2
2026-04-03,601012,14:18:04,16.6800,121,2
2026-04-03,601012,14:18:07,16.6800,17,2
2026-04-03,601012,14:18:10,16.6800,689,2
2026-04-03,601012,14:18:13,16.6900,456,1
2026-04-03,601012,14:18:16,16.6900,671,1
2026-04-03,601012,14:18:19,16.6800,61,2
2026-04-03,601012,14:18:22,16.6900,87,1
2026-04-03,601012,14:18:24,16.6900,159,1
2026-04-03,601012,14:18:28,16.6900,151,1
2026-04-03,601012,14:18:31,16.6800,278,2
2026-04-03,601012,14:18:33,16.6800,320,2
2026-04-03,601012,14:18:37,16.6800,275,2
2026-04-03,601012,14:18:40,16.6900,38,1
2026-04-03,601012,14:18:43,16.6900,52,1
2026-04-03,601012,14:18:45,16.6900,39,1
2026-04-03,601012,14:18:49,16.6800,224,2
2026-04-03,601012,14:18:52,16.6900,66,1
2026-04-03,601012,14:18:55,16.6800,463,2
2026-04-03,601012,14:18:58,16.6800,155,1
2026-04-03,601012,14:19:01,16.6800,99,1
2026-04-03,601012,14:19:04,16.6700,237,2
2026-04-03,601012,14:19:06,16.6800,90,1
2026-04-03,601012,14:19:10,16.6700,85,2
2026-04-03,601012,14:19:13,16.6700,77,2
2026-04-03,601012,14:19:16,16.6700,68,2
2026-04-03,601012,14:19:19,16.6700,201,2
2026-04-03,601012,14:19:21,16.6700,47,2
2026-04-03,601012,14:19:25,16.6800,258,1
2026-04-03,601012,14:19:28,16.6800,57,1
2026-04-03,601012,14:19:31,16.6700,1391,2
2026-04-03,601012,14:19:34,16.6700,362,2
2026-04-03,601012,14:19:37,16.6700,61,2
2026-04-03,601012,14:19:40,16.6700,44,2
2026-04-03,601012,14:19:43,16.6700,225,2
2026-04-03,601012,14:19:46,16.6700,5875,2
2026-04-03,601012,14:19:48,16.6600,156,2
2026-04-03,601012,14:19:52,16.6700,62,1
2026-04-03,601012,14:19:55,16.6700,28,1
2026-04-03,601012,14:19:57,16.6600,932,2
2026-04-03,601012,14:20:01,16.6700,119,1
2026-04-03,601012,14:20:04,16.6700,342,1
2026-04-03,601012,14:20:06,16.6600,105,2
2026-04-03,601012,14:20:10,16.6600,43,2
2026-04-03,601012,14:20:12,16.6600,234,2
2026-04-03,601012,14:20:16,16.6700,177,1
2026-04-03,601012,14:20:18,16.6700,57,1
2026-04-03,601012,14:20:22,16.6700,2218,1
2026-04-03,601012,14:20:25,16.6600,78,1
2026-04-03,601012,14:20:28,16.6500,165,2
2026-04-03,601012,14:20:31,16.6600,258,1
2026-04-03,601012,14:20:34,16.6500,197,2
2026-04-03,601012,14:20:37,16.6600,201,1
2026-04-03,601012,14:20:39,16.6600,87,1
2026-04-03,601012,14:20:43,16.6600,48,1
2026-04-03,601012,14:20:46,16.6600,311,1
2026-04-03,601012,14:20:49,16.6600,501,1
2026-04-03,601012,14:20:52,16.6600,251,1
2026-04-03,601012,14:20:55,16.6600,267,1
2026-04-03,601012,14:20:57,16.6600,198,1
2026-04-03,601012,14:21:01,16.6600,183,1
2026-04-03,601012,14:21:04,16.6600,167,2
2026-04-03,601012,14:21:06,16.6600,133,2
2026-04-03,601012,14:21:10,16.6600,35,2
2026-04-03,601012,14:21:13,16.6600,182,2
2026-04-03,601012,14:21:16,16.6600,60,2
2026-04-03,601012,14:21:19,16.6600,119,2
2026-04-03,601012,14:21:22,16.6600,265,2
2026-04-03,601012,14:21:25,16.6600,142,1
2026-04-03,601012,14:21:28,16.6600,152,2
2026-04-03,601012,14:21:31,16.6600,263,2
2026-04-03,601012,14:21:34,16.6600,368,2
2026-04-03,601012,14:21:37,16.6600,923,2
2026-04-03,601012,14:21:40,16.6600,294,1
2026-04-03,601012,14:21:43,16.6500,221,2
2026-04-03,601012,14:21:46,16.6500,148,2
2026-04-03,601012,14:21:49,16.6700,126,1
2026-04-03,601012,14:21:52,16.6600,312,2
2026-04-03,601012,14:21:55,16.6700,50,1
2026-04-03,601012,14:21:58,16.6700,423,1
2026-04-03,601012,14:22:01,16.6600,241,2
2026-04-03,601012,14:22:04,16.6600,425,1
2026-04-03,601012,14:22:06,16.6600,199,1
2026-04-03,601012,14:22:10,16.6600,117,1
2026-04-03,601012,14:22:13,16.6600,104,2
2026-04-03,601012,14:22:16,16.6700,911,1
2026-04-03,601012,14:22:19,16.6600,193,2
2026-04-03,601012,14:22:22,16.6600,261,2
2026-04-03,601012,14:22:25,16.6600,527,1
2026-04-03,601012,14:22:27,16.6600,146,1
2026-04-03,601012,14:22:31,16.6600,327,1
2026-04-03,601012,14:22:34,16.6500,417,2
2026-04-03,601012,14:22:37,16.6600,232,1
2026-04-03,601012,14:22:40,16.6600,215,1
2026-04-03,601012,14:22:43,16.6600,637,1
2026-04-03,601012,14:22:46,16.6600,168,1
2026-04-03,601012,14:22:49,16.6600,109,1
2026-04-03,601012,14:22:52,16.6600,330,1
2026-04-03,601012,14:22:55,16.6600,190,1
2026-04-03,601012,14:22:58,16.6600,57,1
2026-04-03,601012,14:23:01,16.6600,51,1
2026-04-03,601012,14:23:04,16.6700,180,1
2026-04-03,601012,14:23:07,16.6700,289,1
2026-04-03,601012,14:23:10,16.6600,390,2
2026-04-03,601012,14:23:13,16.6600,155,1
2026-04-03,601012,14:23:16,16.6500,129,2
2026-04-03,601012,14:23:19,16.6600,45,2
2026-04-03,601012,14:23:22,16.6600,31,2
2026-04-03,601012,14:23:25,16.6700,35,1
2026-04-03,601012,14:23:28,16.6600,218,2
2026-04-03,601012,14:23:31,16.6700,13,1
2026-04-03,601012,14:23:34,16.6600,262,2
2026-04-03,601012,14:23:37,16.6600,384,2
2026-04-03,601012,14:23:40,16.6600,185,1
2026-04-03,601012,14:23:43,16.6600,606,1
2026-04-03,601012,14:23:46,16.6600,95,1
2026-04-03,601012,14:23:49,16.6700,168,1
2026-04-03,601012,14:23:52,16.6700,35,1
2026-04-03,601012,14:23:55,16.6700,76,1
2026-04-03,601012,14:23:58,16.6600,18,2
2026-04-03,601012,14:24:01,16.6700,144,1
2026-04-03,601012,14:24:04,16.6700,496,1
2026-04-03,601012,14:24:07,16.6600,50,2
2026-04-03,601012,14:24:10,16.6700,239,1
2026-04-03,601012,14:24:13,16.6600,211,2
2026-04-03,601012,14:24:16,16.6600,359,2
2026-04-03,601012,14:24:19,16.6700,89,1
2026-04-03,601012,14:24:22,16.6700,311,1
2026-04-03,601012,14:24:25,16.6700,165,1
2026-04-03,601012,14:24:28,16.6700,78,1
2026-04-03,601012,14:24:31,16.6600,189,2
2026-04-03,601012,14:24:34,16.6700,116,1
2026-04-03,601012,14:24:37,16.6700,91,1
2026-04-03,601012,14:24:40,16.6700,151,1
2026-04-03,601012,14:24:43,16.6700,69,1
2026-04-03,601012,14:24:46,16.6700,71,1
2026-04-03,601012,14:24:49,16.6700,55,1
2026-04-03,601012,14:24:52,16.6700,133,1
2026-04-03,601012,14:24:55,16.6700,94,1
2026-04-03,601012,14:24:58,16.6700,64,1
2026-04-03,601012,14:25:01,16.6700,65,1
2026-04-03,601012,14:25:04,16.6700,380,1
2026-04-03,601012,14:25:07,16.6600,367,2
2026-04-03,601012,14:25:10,16.6700,115,1
2026-04-03,601012,14:25:13,16.6700,234,1
2026-04-03,601012,14:25:16,16.6600,179,2
2026-04-03,601012,14:25:19,16.6700,72,1
2026-04-03,601012,14:25:21,16.6600,76,2
2026-04-03,601012,14:25:25,16.6600,166,2
2026-04-03,601012,14:25:28,16.6700,377,1
2026-04-03,601012,14:25:31,16.6700,50,1
2026-04-03,601012,14:25:34,16.6600,253,2
2026-04-03,601012,14:25:37,16.6700,89,1
2026-04-03,601012,14:25:40,16.6700,332,1
2026-04-03,601012,14:25:43,16.6700,69,1
2026-04-03,601012,14:25:46,16.6700,82,1
2026-04-03,601012,14:25:49,16.6700,38,1
2026-04-03,601012,14:25:52,16.6700,62,1
2026-04-03,601012,14:25:55,16.6600,56,2
2026-04-03,601012,14:25:58,16.6700,413,1
2026-04-03,601012,14:26:01,16.6700,138,1
2026-04-03,601012,14:26:04,16.6600,363,2
2026-04-03,601012,14:26:07,16.6600,347,2
2026-04-03,601012,14:26:09,16.6700,93,1
2026-04-03,601012,14:26:13,16.6700,376,1
2026-04-03,601012,14:26:15,16.6700,33,1
2026-04-03,601012,14:26:19,16.6700,386,1
2026-04-03,601012,14:26:22,16.6700,67,1
2026-04-03,601012,14:26:25,16.6600,233,2
2026-04-03,601012,14:26:28,16.6700,41,1
2026-04-03,601012,14:26:31,16.6700,72,1
2026-04-03,601012,14:26:34,16.6700,203,1
2026-04-03,601012,14:26:37,16.6700,354,1
2026-04-03,601012,14:26:40,16.6700,120,1
2026-04-03,601012,14:26:42,16.6700,215,1
2026-04-03,601012,14:26:46,16.6600,406,2
2026-04-03,601012,14:26:49,16.6700,50,1
2026-04-03,601012,14:26:52,16.6700,218,1
2026-04-03,601012,14:26:55,16.6700,72,1
2026-04-03,601012,14:26:58,16.6700,159,1
2026-04-03,601012,14:27:00,16.6700,38,1
2026-04-03,601012,14:27:04,16.6700,269,1
2026-04-03,601012,14:27:06,16.6600,26,2
2026-04-03,601012,14:27:10,16.6700,118,1
2026-04-03,601012,14:27:13,16.6700,170,1
2026-04-03,601012,14:27:16,16.6700,294,1
2026-04-03,601012,14:27:19,16.6700,73,1
2026-04-03,601012,14:27:22,16.6600,236,2
2026-04-03,601012,14:27:25,16.6700,152,1
2026-04-03,601012,14:27:28,16.6600,115,2
2026-04-03,601012,14:27:31,16.6700,74,1
2026-04-03,601012,14:27:34,16.6600,1013,2
2026-04-03,601012,14:27:37,16.6600,71,2
2026-04-03,601012,14:27:40,16.6600,1494,2
2026-04-03,601012,14:27:43,16.6600,418,2
2026-04-03,601012,14:27:46,16.6500,88,2
2026-04-03,601012,14:27:49,16.6600,59,1
2026-04-03,601012,14:27:52,16.6600,677,1
2026-04-03,601012,14:27:55,16.6600,115,1
2026-04-03,601012,14:27:58,16.6600,1947,1
2026-04-03,601012,14:28:01,16.6600,357,1
2026-04-03,601012,14:28:03,16.6600,258,1
2026-04-03,601012,14:28:07,16.6500,189,2
2026-04-03,601012,14:28:10,16.6500,153,2
2026-04-03,601012,14:28:13,16.6500,247,2
2026-04-03,601012,14:28:16,16.6600,2129,1
2026-04-03,601012,14:28:19,16.6600,206,1
2026-04-03,601012,14:28:22,16.6600,189,1
2026-04-03,601012,14:28:25,16.6600,152,1
2026-04-03,601012,14:28:28,16.6500,519,2
2026-04-03,601012,14:28:31,16.6600,301,1
2026-04-03,601012,14:28:33,16.6600,315,1
2026-04-03,601012,14:28:37,16.6600,501,1
2026-04-03,601012,14:28:40,16.6600,301,1
2026-04-03,601012,14:28:43,16.6500,170,2
2026-04-03,601012,14:28:45,16.6500,148,2
2026-04-03,601012,14:28:48,16.6600,894,1
2026-04-03,601012,14:28:52,16.6600,339,1
2026-04-03,601012,14:28:55,16.6500,211,2
2026-04-03,601012,14:28:58,16.6600,1572,1
2026-04-03,601012,14:29:01,16.6600,439,1
2026-04-03,601012,14:29:04,16.6600,492,1
2026-04-03,601012,14:29:06,16.6500,499,2
2026-04-03,601012,14:29:10,16.6500,251,1
2026-04-03,601012,14:29:13,16.6500,1369,1
2026-04-03,601012,14:29:15,16.6400,176,2
2026-04-03,601012,14:29:19,16.6500,317,1
2026-04-03,601012,14:29:21,16.6400,514,2
2026-04-03,601012,14:29:25,16.6400,91,2
2026-04-03,601012,14:29:28,16.6400,297,2
2026-04-03,601012,14:29:31,16.6500,173,1
2026-04-03,601012,14:29:34,16.6500,455,1
2026-04-03,601012,14:29:37,16.6500,239,1
2026-04-03,601012,14:29:39,16.6500,74,1
2026-04-03,601012,14:29:43,16.6400,211,2
2026-04-03,601012,14:29:46,16.6400,407,2
2026-04-03,601012,14:29:49,16.6400,154,2
2026-04-03,601012,14:29:51,16.6500,167,1
2026-04-03,601012,14:29:55,16.6500,413,1
2026-04-03,601012,14:29:58,16.6400,285,2
2026-04-03,601012,14:30:01,16.6500,231,1
2026-04-03,601012,14:30:04,16.6500,1797,1
2026-04-03,601012,14:30:07,16.6400,287,2
2026-04-03,601012,14:30:10,16.6500,196,1
2026-04-03,601012,14:30:13,16.6400,97,2
2026-04-03,601012,14:30:16,16.6600,81,1
2026-04-03,601012,14:30:19,16.6500,63,2
2026-04-03,601012,14:30:22,16.6600,109,1
2026-04-03,601012,14:30:25,16.6500,109,2
2026-04-03,601012,14:30:28,16.6600,85,1
2026-04-03,601012,14:30:31,16.6500,104,2
2026-04-03,601012,14:30:34,16.6600,270,1
2026-04-03,601012,14:30:37,16.6600,144,1
2026-04-03,601012,14:30:40,16.6600,111,1
2026-04-03,601012,14:30:43,16.6600,124,1
2026-04-03,601012,14:30:46,16.6600,73,1
2026-04-03,601012,14:30:49,16.6600,216,1
2026-04-03,601012,14:30:52,16.6500,88,2
2026-04-03,601012,14:30:55,16.6600,191,1
2026-04-03,601012,14:30:58,16.6600,193,1
2026-04-03,601012,14:31:01,16.6600,197,1
2026-04-03,601012,14:31:04,16.6600,439,1
2026-04-03,601012,14:31:07,16.6500,138,2
2026-04-03,601012,14:31:10,16.6600,86,1
2026-04-03,601012,14:31:13,16.6500,244,2
2026-04-03,601012,14:31:16,16.6600,323,1
2026-04-03,601012,14:31:19,16.6600,115,1
2026-04-03,601012,14:31:21,16.6600,122,1
2026-04-03,601012,14:31:25,16.6600,450,1
2026-04-03,601012,14:31:28,16.6500,455,2
2026-04-03,601012,14:31:31,16.6600,303,1
2026-04-03,601012,14:31:34,16.6500,144,2
2026-04-03,601012,14:31:37,16.6600,276,1
2026-04-03,601012,14:31:40,16.6500,145,2
2026-04-03,601012,14:31:43,16.6600,106,1
2026-04-03,601012,14:31:46,16.6500,173,2
2026-04-03,601012,14:31:49,16.6600,1286,1
2026-04-03,601012,14:31:52,16.6600,358,1
2026-04-03,601012,14:31:55,16.6500,269,2
2026-04-03,601012,14:31:57,16.6600,267,1
2026-04-03,601012,14:32:01,16.6500,319,2
2026-04-03,601012,14:32:04,16.6600,106,1
2026-04-03,601012,14:32:07,16.6600,154,1
2026-04-03,601012,14:32:10,16.6600,178,1
2026-04-03,601012,14:32:13,16.6600,222,2
2026-04-03,601012,14:32:16,16.6600,248,2
2026-04-03,601012,14:32:19,16.6600,378,2
2026-04-03,601012,14:32:22,16.6600,97,1
2026-04-03,601012,14:32:25,16.6500,106,2
2026-04-03,601012,14:32:28,16.6600,176,1
2026-04-03,601012,14:32:31,16.6600,160,1
2026-04-03,601012,14:32:34,16.6600,114,1
2026-04-03,601012,14:32:37,16.6600,128,2
2026-04-03,601012,14:32:40,16.6700,145,1
2026-04-03,601012,14:32:43,16.6700,130,1
2026-04-03,601012,14:32:46,16.6600,64,2
2026-04-03,601012,14:32:49,16.6600,38,2
2026-04-03,601012,14:32:51,16.6600,50,2
2026-04-03,601012,14:32:55,16.6600,279,2
2026-04-03,601012,14:32:58,16.6600,491,2
2026-04-03,601012,14:33:01,16.6600,65,2
2026-04-03,601012,14:33:04,16.6600,565,1
2026-04-03,601012,14:33:07,16.6600,318,2
2026-04-03,601012,14:33:10,16.6500,81,2
2026-04-03,601012,14:33:13,16.6600,48,1
2026-04-03,601012,14:33:16,16.6600,106,1
2026-04-03,601012,14:33:19,16.6500,485,2
2026-04-03,601012,14:33:22,16.6600,40,1
2026-04-03,601012,14:33:25,16.6500,61,2
2026-04-03,601012,14:33:28,16.6500,226,2
2026-04-03,601012,14:33:31,16.6600,286,1
2026-04-03,601012,14:33:34,16.6500,239,2
2026-04-03,601012,14:33:37,16.6600,137,1
2026-04-03,601012,14:33:40,16.6500,474,2
2026-04-03,601012,14:33:43,16.6600,214,1
2026-04-03,601012,14:33:46,16.6500,591,2
2026-04-03,601012,14:33:48,16.6500,677,2
2026-04-03,601012,14:33:52,16.6500,569,2
2026-04-03,601012,14:33:55,16.6600,108,1
2026-04-03,601012,14:33:58,16.6500,186,2
2026-04-03,601012,14:34:00,16.6500,305,2
2026-04-03,601012,14:34:04,16.6500,372,2
2026-04-03,601012,14:34:07,16.6500,171,2
2026-04-03,601012,14:34:10,16.6500,306,2
2026-04-03,601012,14:34:13,16.6500,143,2
2026-04-03,601012,14:34:16,16.6600,394,1
2026-04-03,601012,14:34:19,16.6500,858,2
2026-04-03,601012,14:34:22,16.6600,216,1
2026-04-03,601012,14:34:25,16.6600,307,1
2026-04-03,601012,14:34:28,16.6500,287,2
2026-04-03,601012,14:34:31,16.6500,149,2
2026-04-03,601012,14:34:34,16.6500,183,1
2026-04-03,601012,14:34:37,16.6500,154,1
2026-04-03,601012,14:34:40,16.6500,248,1
2026-04-03,601012,14:34:43,16.6400,163,2
2026-04-03,601012,14:34:46,16.6500,97,1
2026-04-03,601012,14:34:48,16.6500,127,1
2026-04-03,601012,14:34:52,16.6500,171,1
2026-04-03,601012,14:34:55,16.6400,102,2
2026-04-03,601012,14:34:58,16.6400,205,2
2026-04-03,601012,14:35:01,16.6500,306,1
2026-04-03,601012,14:35:04,16.6500,120,1
2026-04-03,601012,14:35:06,16.6500,240,1
2026-04-03,601012,14:35:09,16.6500,426,1
2026-04-03,601012,14:35:13,16.6500,186,1
2026-04-03,601012,14:35:16,16.6500,893,1
2026-04-03,601012,14:35:19,16.6500,186,1
2026-04-03,601012,14:35:22,16.6500,200,2
2026-04-03,601012,14:35:25,16.6500,202,1
2026-04-03,601012,14:35:27,16.6500,61,1
2026-04-03,601012,14:35:31,16.6500,179,1
2026-04-03,601012,14:35:34,16.6600,48,1
2026-04-03,601012,14:35:37,16.6500,175,2
2026-04-03,601012,14:35:40,16.6500,43,2
2026-04-03,601012,14:35:43,16.6600,670,1
2026-04-03,601012,14:35:46,16.6600,203,1
2026-04-03,601012,14:35:49,16.6600,86,1
2026-04-03,601012,14:35:51,16.6600,333,1
2026-04-03,601012,14:35:55,16.6500,203,2
2026-04-03,601012,14:35:58,16.6500,84,1
2026-04-03,601012,14:36:01,16.6500,18,2
2026-04-03,601012,14:36:04,16.6600,344,1
2026-04-03,601012,14:36:06,16.6500,195,2
2026-04-03,601012,14:36:10,16.6600,112,1
2026-04-03,601012,14:36:13,16.6600,145,1
2026-04-03,601012,14:36:15,16.6600,380,1
2026-04-03,601012,14:36:19,16.6600,124,1
2026-04-03,601012,14:36:22,16.6600,134,1
2026-04-03,601012,14:36:25,16.6600,407,1
2026-04-03,601012,14:36:28,16.6600,71,1
2026-04-03,601012,14:36:30,16.6600,127,1
2026-04-03,601012,14:36:34,16.6500,370,2
2026-04-03,601012,14:36:37,16.6600,108,1
2026-04-03,601012,14:36:40,16.6500,247,2
2026-04-03,601012,14:36:43,16.6600,17,1
2026-04-03,601012,14:36:46,16.6600,173,1
2026-04-03,601012,14:36:49,16.6500,114,2
2026-04-03,601012,14:36:52,16.6500,117,2
2026-04-03,601012,14:36:55,16.6500,179,2
2026-04-03,601012,14:36:58,16.6500,426,2
2026-04-03,601012,14:37:01,16.6600,301,1
2026-04-03,601012,14:37:04,16.6500,309,2
2026-04-03,601012,14:37:07,16.6500,142,2
2026-04-03,601012,14:37:09,16.6500,101,2
2026-04-03,601012,14:37:13,16.6500,57,2
2026-04-03,601012,14:37:15,16.6500,214,2
2026-04-03,601012,14:37:19,16.6500,336,2
2026-04-03,601012,14:37:22,16.6500,194,2
2026-04-03,601012,14:37:25,16.6400,292,2
2026-04-03,601012,14:37:28,16.6500,171,1
2026-04-03,601012,14:37:30,16.6400,247,2
2026-04-03,601012,14:37:34,16.6400,965,2
2026-04-03,601012,14:37:37,16.6400,532,2
2026-04-03,601012,14:37:40,16.6400,329,2
2026-04-03,601012,14:37:43,16.6400,427,2
2026-04-03,601012,14:37:46,16.6400,485,2
2026-04-03,601012,14:37:49,16.6400,136,2
2026-04-03,601012,14:37:52,16.6400,201,2
2026-04-03,601012,14:37:55,16.6400,140,2
2026-04-03,601012,14:37:58,16.6400,251,2
2026-04-03,601012,14:38:01,16.6400,797,2
2026-04-03,601012,14:38:04,16.6500,682,1
2026-04-03,601012,14:38:07,16.6400,495,2
2026-04-03,601012,14:38:10,16.6400,1082,2
2026-04-03,601012,14:38:13,16.6400,545,2
2026-04-03,601012,14:38:16,16.6400,414,2
2026-04-03,601012,14:38:18,16.6400,445,2
2026-04-03,601012,14:38:22,16.6300,184,2
2026-04-03,601012,14:38:25,16.6400,85,1
2026-04-03,601012,14:38:28,16.6400,71,1
2026-04-03,601012,14:38:31,16.6400,124,1
2026-04-03,601012,14:38:33,16.6300,677,2
2026-04-03,601012,14:38:37,16.6300,1322,2
2026-04-03,601012,14:38:39,16.6400,875,1
2026-04-03,601012,14:38:43,16.6300,328,2
2026-04-03,601012,14:38:45,16.6300,1156,2
2026-04-03,601012,14:38:49,16.6300,520,2
2026-04-03,601012,14:38:52,16.6300,272,2
2026-04-03,601012,14:38:55,16.6300,137,1
2026-04-03,601012,14:38:58,16.6200,242,2
2026-04-03,601012,14:39:01,16.6200,305,2
2026-04-03,601012,14:39:04,16.6300,392,1
2026-04-03,601012,14:39:06,16.6200,308,2
2026-04-03,601012,14:39:10,16.6200,620,2
2026-04-03,601012,14:39:13,16.6200,129,2
2026-04-03,601012,14:39:16,16.6300,811,1
2026-04-03,601012,14:39:19,16.6200,227,2
2026-04-03,601012,14:39:22,16.6300,303,1
2026-04-03,601012,14:39:25,16.6200,159,2
2026-04-03,601012,14:39:28,16.6200,198,2
2026-04-03,601012,14:39:31,16.6200,1065,2
2026-04-03,601012,14:39:34,16.6300,2206,1
2026-04-03,601012,14:39:37,16.6300,243,1
2026-04-03,601012,14:39:40,16.6300,480,1
2026-04-03,601012,14:39:43,16.6300,484,1
2026-04-03,601012,14:39:46,16.6300,233,1
2026-04-03,601012,14:39:49,16.6100,95,2
2026-04-03,601012,14:39:52,16.6200,564,4
2026-04-03,601012,14:39:55,16.6200,180,1
2026-04-03,601012,14:39:58,16.6200,241,2
2026-04-03,601012,14:40:01,16.6200,323,2
2026-04-03,601012,14:40:04,16.6200,408,1
2026-04-03,601012,14:40:07,16.6100,221,2
2026-04-03,601012,14:40:10,16.6100,447,2
2026-04-03,601012,14:40:13,16.6200,308,1
2026-04-03,601012,14:40:16,16.6300,151,1
2026-04-03,601012,14:40:19,16.6200,260,4
2026-04-03,601012,14:40:22,16.6200,408,1
2026-04-03,601012,14:40:25,16.6100,357,2
2026-04-03,601012,14:40:28,16.6200,168,1
2026-04-03,601012,14:40:30,16.6200,409,1
2026-04-03,601012,14:40:34,16.6200,430,1
2026-04-03,601012,14:40:37,16.6200,480,1
2026-04-03,601012,14:40:40,16.6200,60,2
2026-04-03,601012,14:40:43,16.6100,730,2
2026-04-03,601012,14:40:46,16.6200,176,2
2026-04-03,601012,14:40:49,16.6200,898,1
2026-04-03,601012,14:40:52,16.6200,158,1
2026-04-03,601012,14:40:55,16.6200,1092,1
2026-04-03,601012,14:40:58,16.6300,488,1
2026-04-03,601012,14:41:01,16.6200,206,2
2026-04-03,601012,14:41:04,16.6300,186,1
2026-04-03,601012,14:41:07,16.6300,210,1
2026-04-03,601012,14:41:10,16.6300,65,1
2026-04-03,601012,14:41:13,16.6300,189,1
2026-04-03,601012,14:41:16,16.6300,123,1
2026-04-03,601012,14:41:19,16.6300,163,1
2026-04-03,601012,14:41:22,16.6300,215,1
2026-04-03,601012,14:41:25,16.6300,1075,1
2026-04-03,601012,14:41:27,16.6300,174,1
2026-04-03,601012,14:41:31,16.6200,692,2
2026-04-03,601012,14:41:34,16.6300,715,1
2026-04-03,601012,14:41:37,16.6200,138,2
2026-04-03,601012,14:41:40,16.6300,232,1
2026-04-03,601012,14:41:43,16.6300,209,1
2026-04-03,601012,14:41:46,16.6300,172,1
2026-04-03,601012,14:41:49,16.6300,320,1
2026-04-03,601012,14:41:52,16.6200,441,2
2026-04-03,601012,14:41:55,16.6300,204,1
2026-04-03,601012,14:41:58,16.6300,499,1
2026-04-03,601012,14:42:01,16.6200,200,2
2026-04-03,601012,14:42:04,16.6200,360,1
2026-04-03,601012,14:42:07,16.6200,239,1
2026-04-03,601012,14:42:10,16.6200,384,1
2026-04-03,601012,14:42:12,16.6100,797,2
2026-04-03,601012,14:42:16,16.6200,163,1
2026-04-03,601012,14:42:19,16.6200,83,1
2026-04-03,601012,14:42:21,16.6100,81,2
2026-04-03,601012,14:42:25,16.6200,231,1
2026-04-03,601012,14:42:28,16.6200,134,1
2026-04-03,601012,14:42:31,16.6200,82,1
2026-04-03,601012,14:42:34,16.6200,541,1
2026-04-03,601012,14:42:37,16.6100,416,2
2026-04-03,601012,14:42:40,16.6200,76,1
2026-04-03,601012,14:42:42,16.6100,202,2
2026-04-03,601012,14:42:46,16.6200,346,1
2026-04-03,601012,14:42:49,16.6200,218,1
2026-04-03,601012,14:42:52,16.6100,196,2
2026-04-03,601012,14:42:55,16.6200,316,1
2026-04-03,601012,14:42:58,16.6100,121,2
2026-04-03,601012,14:43:01,16.6200,178,1
2026-04-03,601012,14:43:04,16.6100,430,2
2026-04-03,601012,14:43:06,16.6200,326,1
2026-04-03,601012,14:43:10,16.6200,218,1
2026-04-03,601012,14:43:12,16.6200,264,1
2026-04-03,601012,14:43:16,16.6200,140,1
2026-04-03,601012,14:43:19,16.6200,102,1
2026-04-03,601012,14:43:22,16.6200,424,1
2026-04-03,601012,14:43:25,16.6100,484,2
2026-04-03,601012,14:43:28,16.6200,356,1
2026-04-03,601012,14:43:31,16.6200,105,1
2026-04-03,601012,14:43:34,16.6200,331,1
2026-04-03,601012,14:43:37,16.6100,1208,2
2026-04-03,601012,14:43:40,16.6200,269,1
2026-04-03,601012,14:43:42,16.6200,240,1
2026-04-03,601012,14:43:46,16.6200,280,1
2026-04-03,601012,14:43:49,16.6100,466,2
2026-04-03,601012,14:43:52,16.6200,368,1
2026-04-03,601012,14:43:55,16.6200,211,2
2026-04-03,601012,14:43:58,16.6300,277,1
2026-04-03,601012,14:44:01,16.6300,67,1
2026-04-03,601012,14:44:04,16.6200,205,2
2026-04-03,601012,14:44:07,16.6300,55,1
2026-04-03,601012,14:44:10,16.6300,164,1
2026-04-03,601012,14:44:13,16.6200,463,2
2026-04-03,601012,14:44:16,16.6300,698,1
2026-04-03,601012,14:44:19,16.6300,106,1
2026-04-03,601012,14:44:22,16.6300,507,1
2026-04-03,601012,14:44:25,16.6300,227,1
2026-04-03,601012,14:44:28,16.6300,223,1
2026-04-03,601012,14:44:31,16.6300,205,1
2026-04-03,601012,14:44:33,16.6300,445,1
2026-04-03,601012,14:44:37,16.6300,176,1
2026-04-03,601012,14:44:40,16.6300,458,1
2026-04-03,601012,14:44:43,16.6300,295,1
2026-04-03,601012,14:44:46,16.6300,274,1
2026-04-03,601012,14:44:49,16.6300,193,1
2026-04-03,601012,14:44:52,16.6400,146,1
2026-04-03,601012,14:44:54,16.6400,142,1
2026-04-03,601012,14:44:57,16.6400,570,1
2026-04-03,601012,14:45:01,16.6300,182,2
2026-04-03,601012,14:45:04,16.6300,128,2
2026-04-03,601012,14:45:07,16.6300,499,2
2026-04-03,601012,14:45:10,16.6300,251,2
2026-04-03,601012,14:45:13,16.6400,110,1
2026-04-03,601012,14:45:16,16.6300,194,2
2026-04-03,601012,14:45:19,16.6400,169,1
2026-04-03,601012,14:45:22,16.6300,242,2
2026-04-03,601012,14:45:24,16.6400,29,1
2026-04-03,601012,14:45:27,16.6400,253,1
2026-04-03,601012,14:45:31,16.6400,139,1
2026-04-03,601012,14:45:34,16.6400,660,1
2026-04-03,601012,14:45:37,16.6400,233,1
2026-04-03,601012,14:45:40,16.6400,202,1
2026-04-03,601012,14:45:43,16.6400,1102,1
2026-04-03,601012,14:45:46,16.6400,324,1
2026-04-03,601012,14:45:49,16.6400,1261,1
2026-04-03,601012,14:45:52,16.6400,234,1
2026-04-03,601012,14:45:55,16.6400,331,1
2026-04-03,601012,14:45:58,16.6400,877,1
2026-04-03,601012,14:46:01,16.6400,230,1
2026-04-03,601012,14:46:04,16.6400,290,1
2026-04-03,601012,14:46:06,16.6400,757,1
2026-04-03,601012,14:46:10,16.6400,1020,1
2026-04-03,601012,14:46:13,16.6400,612,1
2026-04-03,601012,14:46:16,16.6400,1249,1
2026-04-03,601012,14:46:19,16.6400,195,1
2026-04-03,601012,14:46:22,16.6400,255,2
2026-04-03,601012,14:46:25,16.6400,152,2
2026-04-03,601012,14:46:28,16.6400,268,2
2026-04-03,601012,14:46:31,16.6500,138,1
2026-04-03,601012,14:46:34,16.6400,645,2
2026-04-03,601012,14:46:37,16.6500,468,1
2026-04-03,601012,14:46:40,16.6400,394,2
2026-04-03,601012,14:46:43,16.6400,375,2
2026-04-03,601012,14:46:46,16.6500,337,1
2026-04-03,601012,14:46:49,16.6500,338,1
2026-04-03,601012,14:46:52,16.6500,198,1
2026-04-03,601012,14:46:55,16.6500,365,1
2026-04-03,601012,14:46:57,16.6500,230,1
2026-04-03,601012,14:47:01,16.6500,127,1
2026-04-03,601012,14:47:04,16.6500,338,1
2026-04-03,601012,14:47:07,16.6500,259,1
2026-04-03,601012,14:47:10,16.6500,341,1
2026-04-03,601012,14:47:13,16.6500,270,1
2026-04-03,601012,14:47:16,16.6500,187,1
2026-04-03,601012,14:47:19,16.6500,101,1
2026-04-03,601012,14:47:22,16.6500,260,1
2026-04-03,601012,14:47:25,16.6500,343,1
2026-04-03,601012,14:47:28,16.6600,266,1
2026-04-03,601012,14:47:31,16.6500,76,2
2026-04-03,601012,14:47:34,16.6500,90,2
2026-04-03,601012,14:47:36,16.6500,129,2
2026-04-03,601012,14:47:40,16.6600,426,1
2026-04-03,601012,14:47:43,16.6600,1491,1
2026-04-03,601012,14:47:46,16.6600,229,1
2026-04-03,601012,14:47:48,16.6600,141,1
2026-04-03,601012,14:47:52,16.6500,234,2
2026-04-03,601012,14:47:55,16.6600,274,1
2026-04-03,601012,14:47:57,16.6600,137,1
2026-04-03,601012,14:48:01,16.6500,150,2
2026-04-03,601012,14:48:04,16.6600,1233,1
2026-04-03,601012,14:48:07,16.6500,576,2
2026-04-03,601012,14:48:10,16.6600,256,1
2026-04-03,601012,14:48:13,16.6500,652,2
2026-04-03,601012,14:48:16,16.6500,169,2
2026-04-03,601012,14:48:19,16.6500,410,2
2026-04-03,601012,14:48:22,16.6500,231,2
2026-04-03,601012,14:48:25,16.6500,235,2
2026-04-03,601012,14:48:28,16.6600,213,1
2026-04-03,601012,14:48:30,16.6600,444,1
2026-04-03,601012,14:48:34,16.6600,157,1
2026-04-03,601012,14:48:36,16.6500,174,2
2026-04-03,601012,14:48:40,16.6600,324,1
2026-04-03,601012,14:48:43,16.6600,268,1
2026-04-03,601012,14:48:46,16.6500,375,2
2026-04-03,601012,14:48:49,16.6500,223,2
2026-04-03,601012,14:48:52,16.6600,252,1
2026-04-03,601012,14:48:55,16.6500,307,2
2026-04-03,601012,14:48:58,16.6500,242,2
2026-04-03,601012,14:49:01,16.6600,188,1
2026-04-03,601012,14:49:04,16.6500,339,2
2026-04-03,601012,14:49:07,16.6600,419,1
2026-04-03,601012,14:49:09,16.6500,285,2
2026-04-03,601012,14:49:13,16.6500,229,2
2026-04-03,601012,14:49:16,16.6600,157,1
2026-04-03,601012,14:49:19,16.6500,637,2
2026-04-03,601012,14:49:22,16.6500,396,2
2026-04-03,601012,14:49:25,16.6600,733,1
2026-04-03,601012,14:49:28,16.6600,261,1
2026-04-03,601012,14:49:31,16.6500,275,2
2026-04-03,601012,14:49:34,16.6600,415,1
2026-04-03,601012,14:49:37,16.6600,215,1
2026-04-03,601012,14:49:40,16.6500,340,2
2026-04-03,601012,14:49:43,16.6500,291,1
2026-04-03,601012,14:49:46,16.6500,134,1
2026-04-03,601012,14:49:49,16.6500,105,1
2026-04-03,601012,14:49:52,16.6500,224,1
2026-04-03,601012,14:49:54,16.6500,136,1
2026-04-03,601012,14:49:58,16.6500,108,2
2026-04-03,601012,14:50:01,16.6500,211,2
2026-04-03,601012,14:50:04,16.6600,205,1
2026-04-03,601012,14:50:07,16.6600,163,1
2026-04-03,601012,14:50:10,16.6500,136,2
2026-04-03,601012,14:50:13,16.6500,354,2
2026-04-03,601012,14:50:16,16.6600,317,1
2026-04-03,601012,14:50:19,16.6600,549,1
2026-04-03,601012,14:50:22,16.6500,346,2
2026-04-03,601012,14:50:25,16.6600,381,1
2026-04-03,601012,14:50:28,16.6600,124,1
2026-04-03,601012,14:50:30,16.6600,407,1
2026-04-03,601012,14:50:34,16.6600,487,1
2026-04-03,601012,14:50:37,16.6600,256,1
2026-04-03,601012,14:50:40,16.6600,194,1
2026-04-03,601012,14:50:43,16.6600,237,1
2026-04-03,601012,14:50:46,16.6600,213,1
2026-04-03,601012,14:50:49,16.6500,436,2
2026-04-03,601012,14:50:52,16.6600,654,1
2026-04-03,601012,14:50:55,16.6600,131,1
2026-04-03,601012,14:50:58,16.6600,246,1
2026-04-03,601012,14:51:00,16.6600,138,1
2026-04-03,601012,14:51:04,16.6600,315,1
2026-04-03,601012,14:51:07,16.6600,220,1
2026-04-03,601012,14:51:10,16.6600,263,1
2026-04-03,601012,14:51:12,16.6500,548,2
2026-04-03,601012,14:51:16,16.6600,325,1
2026-04-03,601012,14:51:19,16.6500,233,2
2026-04-03,601012,14:51:22,16.6600,314,1
2026-04-03,601012,14:51:25,16.6600,778,1
2026-04-03,601012,14:51:27,16.6500,307,2
2026-04-03,601012,14:51:31,16.6600,354,1
2026-04-03,601012,14:51:34,16.6600,252,1
2026-04-03,601012,14:51:37,16.6600,240,1
2026-04-03,601012,14:51:40,16.6600,286,1
2026-04-03,601012,14:51:43,16.6600,320,1
2026-04-03,601012,14:51:46,16.6600,692,1
2026-04-03,601012,14:51:49,16.6600,360,1
2026-04-03,601012,14:51:52,16.6600,341,1
2026-04-03,601012,14:51:55,16.6600,482,1
2026-04-03,601012,14:51:58,16.6600,385,1
2026-04-03,601012,14:52:01,16.6600,242,2
2026-04-03,601012,14:52:03,16.6700,491,1
2026-04-03,601012,14:52:07,16.6600,275,2
2026-04-03,601012,14:52:10,16.6600,583,1
2026-04-03,601012,14:52:13,16.6700,2238,1
2026-04-03,601012,14:52:16,16.6600,288,4
2026-04-03,601012,14:52:19,16.6600,378,2
2026-04-03,601012,14:52:22,16.6600,960,2
2026-04-03,601012,14:52:25,16.6600,273,2
2026-04-03,601012,14:52:28,16.6700,286,1
2026-04-03,601012,14:52:31,16.6600,283,2
2026-04-03,601012,14:52:34,16.6700,468,1
2026-04-03,601012,14:52:37,16.6500,419,2
2026-04-03,601012,14:52:40,16.6700,105,1
2026-04-03,601012,14:52:43,16.6700,207,1
2026-04-03,601012,14:52:45,16.6700,278,1
2026-04-03,601012,14:52:49,16.6700,344,1
2026-04-03,601012,14:52:52,16.6700,248,1
2026-04-03,601012,14:52:55,16.6600,175,2
2026-04-03,601012,14:52:58,16.6600,561,2
2026-04-03,601012,14:53:01,16.6700,280,1
2026-04-03,601012,14:53:04,16.6700,1081,1
2026-04-03,601012,14:53:07,16.6700,182,1
2026-04-03,601012,14:53:10,16.6600,384,2
2026-04-03,601012,14:53:13,16.6700,519,1
2026-04-03,601012,14:53:16,16.6600,741,2
2026-04-03,601012,14:53:19,16.6600,903,2
2026-04-03,601012,14:53:22,16.6600,270,2
2026-04-03,601012,14:53:25,16.6600,240,1
2026-04-03,601012,14:53:28,16.6700,94,1
2026-04-03,601012,14:53:31,16.6600,192,2
2026-04-03,601012,14:53:34,16.6600,650,2
2026-04-03,601012,14:53:37,16.6600,359,1
2026-04-03,601012,14:53:39,16.6600,625,1
2026-04-03,601012,14:53:43,16.6500,198,2
2026-04-03,601012,14:53:46,16.6600,228,2
2026-04-03,601012,14:53:49,16.6600,391,2
2026-04-03,601012,14:53:52,16.6600,1052,2
2026-04-03,601012,14:53:55,16.6600,278,1
2026-04-03,601012,14:53:58,16.6600,312,1
2026-04-03,601012,14:54:01,16.6600,451,1
2026-04-03,601012,14:54:03,16.6600,544,1
2026-04-03,601012,14:54:07,16.6700,645,1
2026-04-03,601012,14:54:10,16.6600,294,2
2026-04-03,601012,14:54:12,16.6500,362,2
2026-04-03,601012,14:54:15,16.6500,1010,2
2026-04-03,601012,14:54:19,16.6500,300,2
2026-04-03,601012,14:54:21,16.6600,231,1
2026-04-03,601012,14:54:25,16.6700,691,1
2026-04-03,601012,14:54:28,16.6600,274,2
2026-04-03,601012,14:54:31,16.6600,850,2
2026-04-03,601012,14:54:34,16.6600,416,2
2026-04-03,601012,14:54:37,16.6600,228,2
2026-04-03,601012,14:54:40,16.6500,625,2
2026-04-03,601012,14:54:43,16.6600,483,1
2026-04-03,601012,14:54:46,16.6500,924,2
2026-04-03,601012,14:54:49,16.6600,970,1
2026-04-03,601012,14:54:52,16.6600,231,2
2026-04-03,601012,14:54:55,16.6600,328,1
2026-04-03,601012,14:54:58,16.6600,208,1
2026-04-03,601012,14:55:01,16.6600,725,1
2026-04-03,601012,14:55:04,16.6600,854,1
2026-04-03,601012,14:55:07,16.6700,903,1
2026-04-03,601012,14:55:10,16.6700,321,1
2026-04-03,601012,14:55:13,16.6600,256,2
2026-04-03,601012,14:55:16,16.6600,341,1
2026-04-03,601012,14:55:19,16.6500,594,2
2026-04-03,601012,14:55:21,16.6600,601,1
2026-04-03,601012,14:55:25,16.6600,502,2
2026-04-03,601012,14:55:28,16.6600,706,1
2026-04-03,601012,14:55:31,16.6600,513,1
2026-04-03,601012,14:55:33,16.6600,630,1
2026-04-03,601012,14:55:37,16.6600,393,1
2026-04-03,601012,14:55:40,16.6600,369,1
2026-04-03,601012,14:55:43,16.6600,392,1
2026-04-03,601012,14:55:46,16.6600,1456,1
2026-04-03,601012,14:55:49,16.6600,888,1
2026-04-03,601012,14:55:51,16.6600,486,1
2026-04-03,601012,14:55:55,16.6500,747,2
2026-04-03,601012,14:55:58,16.6600,750,1
2026-04-03,601012,14:56:01,16.6600,461,1
2026-04-03,601012,14:56:04,16.6600,589,1
2026-04-03,601012,14:56:07,16.6600,614,1
2026-04-03,601012,14:56:10,16.6600,331,2
2026-04-03,601012,14:56:13,16.6600,952,2
2026-04-03,601012,14:56:16,16.6600,435,1
2026-04-03,601012,14:56:19,16.6500,368,2
2026-04-03,601012,14:56:22,16.6600,441,1
2026-04-03,601012,14:56:25,16.6600,585,1
2026-04-03,601012,14:56:27,16.6600,378,1
2026-04-03,601012,14:56:31,16.6500,990,2
2026-04-03,601012,14:56:34,16.6500,653,2
2026-04-03,601012,14:56:37,16.6600,1162,1
2026-04-03,601012,14:56:40,16.6600,973,1
2026-04-03,601012,14:56:43,16.6600,370,1
2026-04-03,601012,14:56:45,16.6600,975,1
2026-04-03,601012,14:56:49,16.6600,755,1
2026-04-03,601012,14:56:51,16.6600,918,1
2026-04-03,601012,14:56:54,16.6600,308,1
2026-04-03,601012,14:56:58,16.6600,281,2
2026-04-03,601012,14:57:01,16.6600,287,1
2026-04-03,601012,15:00:02,16.6600,18004,4
2026-04-03,601012,13:17:06,16.6600,151,2
2026-04-03,601012,13:17:10,16.6700,585,1
2026-04-03,601012,13:17:13,16.6700,423,1
2026-04-03,601012,13:17:16,16.6600,187,2
2026-04-03,601012,13:17:19,16.6600,817,2
2026-04-03,601012,13:17:22,16.6600,589,2
2026-04-03,601012,13:17:25,16.6700,79,1
2026-04-03,601012,13:17:28,16.6600,1323,2
2026-04-03,601012,13:17:30,16.6600,131,1
2026-04-03,601012,13:17:34,16.6600,312,1
2026-04-03,601012,13:17:37,16.6600,366,1
2026-04-03,601012,13:17:40,16.6600,247,1
2026-04-03,601012,13:17:43,16.6600,757,2
2026-04-03,601012,13:17:46,16.6600,134,1
2026-04-03,601012,13:17:49,16.6600,207,2
2026-04-03,601012,13:17:52,16.6700,149,1
2026-04-03,601012,13:17:55,16.6600,448,2
2026-04-03,601012,13:17:58,16.6700,243,1
2026-04-03,601012,13:18:01,16.6600,253,2
2026-04-03,601012,13:18:04,16.6600,85,2
2026-04-03,601012,13:18:06,16.6600,246,2
2026-04-03,601012,13:18:10,16.6600,662,2
2026-04-03,601012,13:18:13,16.6700,416,1
2026-04-03,601012,13:18:16,16.6600,104,2
2026-04-03,601012,13:18:19,16.6700,135,1
2026-04-03,601012,13:18:22,16.6700,501,1
2026-04-03,601012,13:18:25,16.6600,740,2
2026-04-03,601012,13:18:28,16.6600,349,1
2026-04-03,601012,13:18:31,16.6600,892,1
2026-04-03,601012,13:18:34,16.6600,698,1
2026-04-03,601012,13:18:37,16.6600,226,1
2026-04-03,601012,13:18:40,16.6500,560,2
2026-04-03,601012,13:18:43,16.6600,361,1
2026-04-03,601012,13:18:46,16.6600,843,1
2026-04-03,601012,13:18:49,16.6600,419,1
2026-04-03,601012,13:18:51,16.6600,42,2
2026-04-03,601012,13:18:55,16.6600,506,2
2026-04-03,601012,13:18:57,16.6600,269,1
2026-04-03,601012,13:19:01,16.6600,243,1
2026-04-03,601012,13:19:04,16.6600,208,1
2026-04-03,601012,13:19:07,16.6600,505,2
2026-04-03,601012,13:19:10,16.6600,69,1
2026-04-03,601012,13:19:13,16.6600,180,1
2026-04-03,601012,13:19:16,16.6700,560,1
2026-04-03,601012,13:19:19,16.6600,147,2
2026-04-03,601012,13:19:22,16.6600,242,2
2026-04-03,601012,13:19:25,16.6600,136,2
2026-04-03,601012,13:19:27,16.6700,425,1
2026-04-03,601012,13:19:31,16.6600,189,2
2026-04-03,601012,13:19:34,16.6600,225,1
2026-04-03,601012,13:19:37,16.6600,258,2
2026-04-03,601012,13:19:40,16.6700,528,1
2026-04-03,601012,13:19:43,16.6600,840,2
2026-04-03,601012,13:19:46,16.6600,65,4
2026-04-03,601012,13:19:49,16.6600,162,2
2026-04-03,601012,13:19:52,16.6600,457,2
2026-04-03,601012,13:19:55,16.6600,341,2
2026-04-03,601012,13:19:58,16.6600,258,4
2026-04-03,601012,13:20:01,16.6600,539,4
2026-04-03,601012,13:20:04,16.6700,191,2
2026-04-03,601012,13:20:07,16.6700,176,2
2026-04-03,601012,13:20:10,16.6800,79,1
2026-04-03,601012,13:20:13,16.6800,1021,1
2026-04-03,601012,13:20:16,16.6800,135,1
2026-04-03,601012,13:20:19,16.6800,265,1
2026-04-03,601012,13:20:21,16.6800,100,2
2026-04-03,601012,13:20:25,16.6900,114,1
2026-04-03,601012,13:20:27,16.6900,849,1
2026-04-03,601012,13:20:31,16.6900,10,1
2026-04-03,601012,13:20:33,16.6800,497,2
2026-04-03,601012,13:20:37,16.6900,95,1
2026-04-03,601012,13:20:40,16.6800,12,2
2026-04-03,601012,13:20:43,16.6800,79,2
2026-04-03,601012,13:20:46,16.6800,27,2
2026-04-03,601012,13:20:49,16.6900,33,1
2026-04-03,601012,13:20:52,16.6800,122,2
2026-04-03,601012,13:20:55,16.6900,209,1
2026-04-03,601012,13:20:58,16.6900,30,2
2026-04-03,601012,13:21:01,16.6900,72,2
2026-04-03,601012,13:21:04,16.6900,113,2
2026-04-03,601012,13:21:07,16.6900,45,1
2026-04-03,601012,13:21:10,16.6800,98,2
2026-04-03,601012,13:21:13,16.6900,228,1
2026-04-03,601012,13:21:16,16.6900,276,2
2026-04-03,601012,13:21:19,16.6900,303,1
2026-04-03,601012,13:21:22,16.6900,153,2
2026-04-03,601012,13:21:25,16.6900,297,1
2026-04-03,601012,13:21:28,16.6900,25,2
2026-04-03,601012,13:21:31,16.6900,221,2
2026-04-03,601012,13:21:34,16.6900,137,2
2026-04-03,601012,13:21:36,16.7000,65,1
2026-04-03,601012,13:21:40,16.7000,178,1
2026-04-03,601012,13:21:43,16.7000,188,1
2026-04-03,601012,13:21:46,16.6900,14,2
2026-04-03,601012,13:21:48,16.7000,156,1
2026-04-03,601012,13:21:52,16.7000,226,1
2026-04-03,601012,13:21:55,16.6900,78,2
2026-04-03,601012,13:21:58,16.7000,168,1
2026-04-03,601012,13:22:01,16.7000,133,1
2026-04-03,601012,13:22:04,16.7000,289,1
2026-04-03,601012,13:22:07,16.6900,113,2
2026-04-03,601012,13:22:10,16.7000,84,1
2026-04-03,601012,13:22:13,16.7000,249,1
2026-04-03,601012,13:22:16,16.7000,196,1
2026-04-03,601012,13:22:19,16.7000,217,1
2026-04-03,601012,13:22:21,16.7000,3,1
2026-04-03,601012,13:22:25,16.7000,174,1
2026-04-03,601012,13:22:28,16.7000,153,1
2026-04-03,601012,13:22:31,16.6900,165,2
2026-04-03,601012,13:22:34,16.6900,96,1
2026-04-03,601012,13:22:37,16.6900,49,2
2026-04-03,601012,13:22:40,16.6900,34,1
2026-04-03,601012,13:22:43,16.6900,98,1
2026-04-03,601012,13:22:46,16.7000,66,1
2026-04-03,601012,13:22:49,16.6900,180,2
2026-04-03,601012,13:22:52,16.7000,57,1
2026-04-03,601012,13:22:55,16.7000,111,1
2026-04-03,601012,13:22:58,16.6900,36,2
2026-04-03,601012,13:23:01,16.7000,120,1
2026-04-03,601012,13:23:04,16.6900,182,2
2026-04-03,601012,13:23:07,16.6800,157,2
2026-04-03,601012,13:23:10,16.6900,95,1
2026-04-03,601012,13:23:13,16.6900,170,1
2026-04-03,601012,13:23:16,16.6900,132,1
2026-04-03,601012,13:23:19,16.6900,149,1
2026-04-03,601012,13:23:22,16.6800,91,2
2026-04-03,601012,13:23:25,16.6800,181,2
2026-04-03,601012,13:23:28,16.6900,83,1
2026-04-03,601012,13:23:31,16.6800,148,2
2026-04-03,601012,13:23:34,16.6900,74,1
2026-04-03,601012,13:23:36,16.6900,195,1
2026-04-03,601012,13:23:40,16.6800,91,2
2026-04-03,601012,13:23:43,16.6800,85,2
2026-04-03,601012,13:23:46,16.6800,47,1
2026-04-03,601012,13:23:49,16.6800,138,1
2026-04-03,601012,13:23:52,16.6700,16,2
2026-04-03,601012,13:23:55,16.6800,395,1
2026-04-03,601012,13:23:58,16.6800,172,1
2026-04-03,601012,13:24:01,16.6700,35,2
2026-04-03,601012,13:24:03,16.6800,111,1
2026-04-03,601012,13:24:06,16.7000,3658,1
2026-04-03,601012,13:24:10,16.6800,298,2
2026-04-03,601012,13:24:13,16.6800,161,2
2026-04-03,601012,13:24:16,16.6800,73,2
2026-04-03,601012,13:24:19,16.7000,115,1
2026-04-03,601012,13:24:22,16.7000,398,1
2026-04-03,601012,13:24:25,16.7000,54,1
2026-04-03,601012,13:24:28,16.7000,51,1
2026-04-03,601012,13:24:30,16.6900,165,4
2026-04-03,601012,13:24:34,16.7000,47,1
2026-04-03,601012,13:24:37,16.7000,914,1
2026-04-03,601012,13:24:40,16.7000,169,2
2026-04-03,601012,13:24:43,16.7000,29,4
2026-04-03,601012,13:24:46,16.6900,43,2
2026-04-03,601012,13:24:49,16.6800,45,2
2026-04-03,601012,13:24:52,16.6900,74,4
2026-04-03,601012,13:24:55,16.7000,112,1
2026-04-03,601012,13:24:58,16.7000,99,4
2026-04-03,601012,13:25:00,16.7100,939,1
2026-04-03,601012,13:25:04,16.7200,46,4
2026-04-03,601012,13:25:07,16.7300,44,1
2026-04-03,601012,13:25:10,16.7300,71,1
2026-04-03,601012,13:25:12,16.7300,199,1
2026-04-03,601012,13:25:16,16.7400,140,1
2026-04-03,601012,13:25:19,16.7400,58,1
2026-04-03,601012,13:25:22,16.7400,46,1
2026-04-03,601012,13:25:25,16.7400,72,1
2026-04-03,601012,13:25:28,16.7400,110,1
2026-04-03,601012,13:25:31,16.7400,159,1
2026-04-03,601012,13:25:34,16.7300,159,2
2026-04-03,601012,13:25:37,16.7400,48,1
2026-04-03,601012,13:25:39,16.7400,100,1
2026-04-03,601012,13:25:43,16.7400,115,1
2026-04-03,601012,13:25:46,16.7400,111,1
2026-04-03,601012,13:25:49,16.7400,113,1
2026-04-03,601012,13:25:52,16.7400,97,1
2026-04-03,601012,13:25:55,16.7500,182,1
2026-04-03,601012,13:25:57,16.7500,15,1
2026-04-03,601012,13:26:01,16.7500,65,1
2026-04-03,601012,13:26:04,16.7500,158,1
2026-04-03,601012,13:26:07,16.7400,81,2
2026-04-03,601012,13:26:10,16.7500,117,1
2026-04-03,601012,13:26:12,16.7500,106,1
2026-04-03,601012,13:26:16,16.7400,160,2
2026-04-03,601012,13:26:18,16.7500,147,1
2026-04-03,601012,13:26:22,16.7400,42,2
2026-04-03,601012,13:26:25,16.7500,125,1
2026-04-03,601012,13:26:28,16.7400,74,2
2026-04-03,601012,13:26:31,16.7500,142,1
2026-04-03,601012,13:26:33,16.7500,528,1
2026-04-03,601012,13:26:37,16.7500,202,1
2026-04-03,601012,13:26:40,16.7500,66,1
2026-04-03,601012,13:26:43,16.7500,152,1
2026-04-03,601012,13:26:45,16.7500,721,1
2026-04-03,601012,13:26:49,16.7500,270,1
2026-04-03,601012,13:26:52,16.7500,278,1
2026-04-03,601012,13:26:55,16.7500,37,1
2026-04-03,601012,13:26:58,16.7400,178,2
2026-04-03,601012,13:27:01,16.7500,100,1
2026-04-03,601012,13:27:04,16.7500,81,1
2026-04-03,601012,13:27:07,16.7500,194,1
2026-04-03,601012,13:27:10,16.7500,205,1
2026-04-03,601012,13:27:13,16.7500,320,2
2026-04-03,601012,13:27:16,16.7500,253,1
2026-04-03,601012,13:27:19,16.7500,118,1
2026-04-03,601012,13:27:22,16.7400,19,2
2026-04-03,601012,13:27:25,16.7500,104,1
2026-04-03,601012,13:27:28,16.7500,37,1
2026-04-03,601012,13:27:30,16.7500,59,1
2026-04-03,601012,13:27:34,16.7400,48,2
2026-04-03,601012,13:27:36,16.7400,88,2
2026-04-03,601012,13:27:40,16.7500,38,1
2026-04-03,601012,13:27:43,16.7500,41,1
2026-04-03,601012,13:27:46,16.7500,62,1
2026-04-03,601012,13:27:48,16.7500,115,1
2026-04-03,601012,13:27:52,16.7400,119,2
2026-04-03,601012,13:27:55,16.7500,41,1
2026-04-03,601012,13:27:58,16.7500,19,1
2026-04-03,601012,13:28:01,16.7500,64,1
2026-04-03,601012,13:28:04,16.7400,130,2
2026-04-03,601012,13:28:07,16.7500,81,1
2026-04-03,601012,13:28:10,16.7500,67,1
2026-04-03,601012,13:28:13,16.7400,7,2
2026-04-03,601012,13:28:16,16.7400,24,2
2026-04-03,601012,13:28:19,16.7500,30,1
2026-04-03,601012,13:28:22,16.7500,13,1
2026-04-03,601012,13:28:25,16.7400,414,2
2026-04-03,601012,13:28:28,16.7400,46,1
2026-04-03,601012,13:28:31,16.7400,68,1
2026-04-03,601012,13:28:34,16.7400,133,1
2026-04-03,601012,13:28:37,16.7400,91,1
2026-04-03,601012,13:28:40,16.7400,2,2
2026-04-03,601012,13:28:43,16.7400,26,2
2026-04-03,601012,13:28:46,16.7500,18,1
2026-04-03,601012,13:28:49,16.7500,50,1
2026-04-03,601012,13:28:52,16.7500,40,1
2026-04-03,601012,13:28:55,16.7500,183,1
2026-04-03,601012,13:28:58,16.7500,168,1
2026-04-03,601012,13:29:01,16.7500,82,1
2026-04-03,601012,13:29:04,16.7500,85,1
2026-04-03,601012,13:29:07,16.7500,81,1
2026-04-03,601012,13:29:10,16.7500,39,1
2026-04-03,601012,13:29:13,16.7500,45,1
2026-04-03,601012,13:29:16,16.7500,273,1
2026-04-03,601012,13:29:19,16.7500,583,1
2026-04-03,601012,13:29:22,16.7500,261,1
2026-04-03,601012,13:29:25,16.7500,168,1
2026-04-03,601012,13:29:28,16.7500,99,1
2026-04-03,601012,13:29:31,16.7400,120,2
2026-04-03,601012,13:29:34,16.7500,73,1
2026-04-03,601012,13:29:37,16.7600,54,1
2026-04-03,601012,13:29:39,16.7600,20,1
2026-04-03,601012,13:29:43,16.7600,74,1
2026-04-03,601012,13:29:46,16.7600,86,1
2026-04-03,601012,13:29:49,16.7600,98,1
2026-04-03,601012,13:29:52,16.7600,89,1
2026-04-03,601012,13:29:55,16.7600,262,1
2026-04-03,601012,13:29:58,16.7600,192,1
2026-04-03,601012,13:30:01,16.7600,69,1
2026-04-03,601012,13:30:04,16.7500,161,2
2026-04-03,601012,13:30:07,16.7600,155,1
2026-04-03,601012,13:30:10,16.7500,1565,2
2026-04-03,601012,13:30:13,16.7600,112,1
2026-04-03,601012,13:30:16,16.7500,835,2
2026-04-03,601012,13:30:19,16.7500,238,1
2026-04-03,601012,13:30:22,16.7500,79,1
2026-04-03,601012,13:30:25,16.7500,78,1
2026-04-03,601012,13:30:28,16.7500,139,1
2026-04-03,601012,13:30:31,16.7400,301,2
2026-04-03,601012,13:30:34,16.7400,56,1
2026-04-03,601012,13:30:37,16.7400,31,1
2026-04-03,601012,13:30:40,16.7300,76,2
2026-04-03,601012,13:30:43,16.7400,263,1
2026-04-03,601012,13:30:46,16.7400,70,2
2026-04-03,601012,13:30:49,16.7500,9,1
2026-04-03,601012,13:30:52,16.7400,74,2
2026-04-03,601012,13:30:55,16.7300,151,2
2026-04-03,601012,13:30:58,16.7400,110,1
2026-04-03,601012,13:31:01,16.7300,40,2
2026-04-03,601012,13:31:04,16.7400,406,1
2026-04-03,601012,13:31:07,16.7400,41,2
2026-04-03,601012,13:31:10,16.7500,87,1
2026-04-03,601012,13:31:13,16.7500,73,1
2026-04-03,601012,13:31:16,16.7500,36,1
2026-04-03,601012,13:31:19,16.7500,88,1
2026-04-03,601012,13:31:22,16.7300,707,2
2026-04-03,601012,13:31:25,16.7300,183,2
2026-04-03,601012,13:31:28,16.7500,98,1
2026-04-03,601012,13:31:31,16.7400,18,2
2026-04-03,601012,13:31:34,16.7400,269,2
2026-04-03,601012,13:31:37,16.7400,310,2
2026-04-03,601012,13:31:40,16.7400,129,1
2026-04-03,601012,13:31:43,16.7300,98,2
2026-04-03,601012,13:31:46,16.7400,72,1
2026-04-03,601012,13:31:49,16.7400,25,1
2026-04-03,601012,13:31:52,16.7400,58,1
2026-04-03,601012,13:31:55,16.7400,3,2
2026-04-03,601012,13:31:58,16.7400,83,2
2026-04-03,601012,13:32:01,16.7400,39,2
2026-04-03,601012,13:32:04,16.7400,387,2
2026-04-03,601012,13:32:07,16.7300,465,2
2026-04-03,601012,13:32:10,16.7200,41,2
2026-04-03,601012,13:32:13,16.7300,60,1
2026-04-03,601012,13:32:16,16.7300,91,1
2026-04-03,601012,13:32:19,16.7300,89,1
2026-04-03,601012,13:32:22,16.7300,80,2
2026-04-03,601012,13:32:25,16.7300,98,1
2026-04-03,601012,13:32:28,16.7300,9,1
2026-04-03,601012,13:32:31,16.7200,214,2
2026-04-03,601012,13:32:34,16.7200,142,2
2026-04-03,601012,13:32:37,16.7300,75,1
2026-04-03,601012,13:32:39,16.7200,116,2
2026-04-03,601012,13:32:43,16.7200,13,2
2026-04-03,601012,13:32:46,16.7300,125,1
2026-04-03,601012,13:32:49,16.7200,25,2
2026-04-03,601012,13:32:52,16.7200,71,2
2026-04-03,601012,13:32:55,16.7300,240,1
2026-04-03,601012,13:32:58,16.7300,1,1
2026-04-03,601012,13:33:01,16.7100,149,2
2026-04-03,601012,13:33:03,16.7200,22,2
2026-04-03,601012,13:33:07,16.7200,44,1
2026-04-03,601012,13:33:10,16.7200,8,1
2026-04-03,601012,13:33:13,16.7100,60,2
2026-04-03,601012,13:33:16,16.7200,113,1
2026-04-03,601012,13:33:19,16.7100,173,2
2026-04-03,601012,13:33:22,16.7100,124,2
2026-04-03,601012,13:33:25,16.7100,87,2
2026-04-03,601012,13:33:28,16.7200,84,1
2026-04-03,601012,13:33:31,16.7200,19,1
2026-04-03,601012,13:33:34,16.7100,381,2
2026-04-03,601012,13:33:37,16.7100,128,1
2026-04-03,601012,13:33:40,16.7100,63,1
2026-04-03,601012,13:33:43,16.7100,87,1
2026-04-03,601012,13:33:46,16.7100,14,2
2026-04-03,601012,13:33:49,16.7100,33,2
2026-04-03,601012,13:33:52,16.7100,118,2
2026-04-03,601012,13:33:55,16.7100,40,1
2026-04-03,601012,13:33:58,16.7100,86,1
2026-04-03,601012,13:34:01,16.7100,59,1
2026-04-03,601012,13:34:04,16.7100,64,1
2026-04-03,601012,13:34:07,16.7100,967,1
2026-04-03,601012,13:34:10,16.7100,12,2
2026-04-03,601012,13:34:13,16.7100,28,2
2026-04-03,601012,13:34:16,16.7200,26,1
2026-04-03,601012,13:34:19,16.7200,29,1
2026-04-03,601012,13:34:22,16.7200,22,2
2026-04-03,601012,13:34:25,16.7200,25,2
2026-04-03,601012,13:34:27,16.7300,103,1
2026-04-03,601012,13:34:31,16.7300,46,1
2026-04-03,601012,13:34:34,16.7300,222,1
2026-04-03,601012,13:34:37,16.7300,35,2
2026-04-03,601012,13:34:40,16.7300,7,2
2026-04-03,601012,13:34:43,16.7400,17,1
2026-04-03,601012,13:34:46,16.7200,322,2
2026-04-03,601012,13:34:49,16.7300,89,2
2026-04-03,601012,13:34:52,16.7400,43,1
2026-04-03,601012,13:34:55,16.7400,236,1
2026-04-03,601012,13:34:58,16.7400,132,1
2026-04-03,601012,13:35:01,16.7400,49,1
2026-04-03,601012,13:35:04,16.7400,62,1
2026-04-03,601012,13:35:07,16.7400,55,1
2026-04-03,601012,13:35:10,16.7400,69,1
2026-04-03,601012,13:35:13,16.7300,87,2
2026-04-03,601012,13:35:16,16.7300,43,2
2026-04-03,601012,13:35:19,16.7400,157,1
2026-04-03,601012,13:35:22,16.7300,55,2
2026-04-03,601012,13:35:25,16.7300,146,1
2026-04-03,601012,13:35:28,16.7300,10,2
2026-04-03,601012,13:35:31,16.7300,92,2
2026-04-03,601012,13:35:34,16.7300,20,2
2026-04-03,601012,13:35:37,16.7400,246,1
2026-04-03,601012,13:35:40,16.7500,10,1
2026-04-03,601012,13:35:43,16.7400,5,2
2026-04-03,601012,13:35:46,16.7500,21,1
2026-04-03,601012,13:35:49,16.7500,93,1
2026-04-03,601012,13:35:52,16.7500,95,1
2026-04-03,601012,13:35:55,16.7500,21,1
2026-04-03,601012,13:35:58,16.7500,176,1
2026-04-03,601012,13:36:01,16.7400,25,2
2026-04-03,601012,13:36:04,16.7300,117,2
2026-04-03,601012,13:36:06,16.7500,48,1
2026-04-03,601012,13:36:10,16.7400,98,4
2026-04-03,601012,13:36:12,16.7400,218,1
2026-04-03,601012,13:36:16,16.7400,46,1
2026-04-03,601012,13:36:19,16.7400,157,1
2026-04-03,601012,13:36:22,16.7400,10,2
2026-04-03,601012,13:36:25,16.7500,14,1
2026-04-03,601012,13:36:28,16.7500,1409,1
2026-04-03,601012,13:36:31,16.7400,100,2
2026-04-03,601012,13:36:34,16.7500,57,1
2026-04-03,601012,13:36:37,16.7500,36,2
2026-04-03,601012,13:36:40,16.7500,373,2
2026-04-03,601012,13:36:43,16.7600,37,1
2026-04-03,601012,13:36:46,16.7600,143,1
2026-04-03,601012,13:36:49,16.7600,20,1
2026-04-03,601012,13:36:52,16.7600,5,2
2026-04-03,601012,13:36:55,16.7600,107,2
2026-04-03,601012,13:36:58,16.7700,17,1
2026-04-03,601012,13:37:01,16.7700,49,1
2026-04-03,601012,13:37:04,16.7700,72,1
2026-04-03,601012,13:37:06,16.7600,218,2
2026-04-03,601012,13:37:10,16.7700,158,1
2026-04-03,601012,13:37:13,16.7700,74,1
2026-04-03,601012,13:37:15,16.7700,77,1
2026-04-03,601012,13:37:19,16.7700,36,1
2026-04-03,601012,13:37:21,16.7700,99,1
2026-04-03,601012,13:37:25,16.7700,41,2
2026-04-03,601012,13:37:28,16.7800,38,1
2026-04-03,601012,13:37:31,16.7800,162,1
2026-04-03,601012,13:37:34,16.7700,67,2
2026-04-03,601012,13:37:37,16.7800,46,1
2026-04-03,601012,13:37:40,16.7800,98,1
2026-04-03,601012,13:37:42,16.7800,175,1
2026-04-03,601012,13:37:46,16.7800,59,1
2026-04-03,601012,13:37:49,16.7800,431,1
2026-04-03,601012,13:37:52,16.7800,454,2
2026-04-03,601012,13:37:55,16.7800,172,2
2026-04-03,601012,13:37:58,16.7900,162,1
2026-04-03,601012,13:38:01,16.7800,233,2
2026-04-03,601012,13:38:04,16.7900,155,1
2026-04-03,601012,13:38:07,16.7800,151,2
2026-04-03,601012,13:38:10,16.7900,56,1
2026-04-03,601012,13:38:13,16.7900,86,1
2026-04-03,601012,13:38:15,16.7900,89,1
2026-04-03,601012,13:38:19,16.7900,86,1
2026-04-03,601012,13:38:22,16.7900,204,1
2026-04-03,601012,13:38:25,16.7900,5,2
2026-04-03,601012,13:38:28,16.7900,176,2
2026-04-03,601012,13:38:30,16.8000,6,1
2026-04-03,601012,13:38:34,16.8000,52,1
2026-04-03,601012,13:38:37,16.8000,1216,1
2026-04-03,601012,13:38:39,16.8000,134,1
2026-04-03,601012,13:38:43,16.8000,357,2
2026-04-03,601012,13:38:46,16.8000,499,1
2026-04-03,601012,13:38:48,16.8100,105,1
2026-04-03,601012,13:38:52,16.8100,298,1
2026-04-03,601012,13:38:55,16.8100,88,1
2026-04-03,601012,13:38:58,16.8200,121,1
2026-04-03,601012,13:39:01,16.8200,627,1
2026-04-03,601012,13:39:04,16.8200,341,2
2026-04-03,601012,13:39:07,16.8200,391,1
2026-04-03,601012,13:39:10,16.8200,320,2
2026-04-03,601012,13:39:13,16.8200,719,2
2026-04-03,601012,13:39:16,16.8100,567,2
2026-04-03,601012,13:39:19,16.8100,369,1
2026-04-03,601012,13:39:22,16.8100,176,1
2026-04-03,601012,13:39:25,16.8000,166,2
2026-04-03,601012,13:39:28,16.8100,458,1
2026-04-03,601012,13:39:31,16.8000,490,2
2026-04-03,601012,13:39:34,16.8000,126,1
2026-04-03,601012,13:39:37,16.8000,299,1
2026-04-03,601012,13:39:39,16.8000,86,4
2026-04-03,601012,13:39:43,16.8000,214,1
2026-04-03,601012,13:39:46,16.8000,326,1
2026-04-03,601012,13:39:48,16.8000,185,1
2026-04-03,601012,13:39:52,16.8000,136,1
2026-04-03,601012,13:39:55,16.8000,111,1
2026-04-03,601012,13:39:58,16.7900,89,2
2026-04-03,601012,13:40:01,16.7900,75,1
2026-04-03,601012,13:40:04,16.7900,170,1
2026-04-03,601012,13:40:07,16.7900,180,1
2026-04-03,601012,13:40:10,16.7900,136,2
2026-04-03,601012,13:40:13,16.7900,40,1
2026-04-03,601012,13:40:16,16.7900,56,1
2026-04-03,601012,13:40:19,16.7800,191,2
2026-04-03,601012,13:40:22,16.7900,50,1
2026-04-03,601012,13:40:25,16.7900,132,1
2026-04-03,601012,13:40:28,16.7900,118,1
2026-04-03,601012,13:40:31,16.7900,263,1
2026-04-03,601012,13:40:34,16.7800,129,2
2026-04-03,601012,13:40:37,16.7900,105,1
2026-04-03,601012,13:40:40,16.7800,29,4
2026-04-03,601012,13:40:43,16.7800,176,1
2026-04-03,601012,13:40:46,16.7700,61,2
2026-04-03,601012,13:40:49,16.7800,70,1
2026-04-03,601012,13:40:52,16.7800,79,1
2026-04-03,601012,13:40:55,16.7800,5,1
2026-04-03,601012,13:40:58,16.7700,75,2
2026-04-03,601012,13:41:01,16.7800,236,1
2026-04-03,601012,13:41:04,16.7800,148,1
2026-04-03,601012,13:41:06,16.7800,107,1
2026-04-03,601012,13:41:10,16.7800,101,1
2026-04-03,601012,13:41:13,16.7700,114,2
2026-04-03,601012,13:41:16,16.7800,156,1
2026-04-03,601012,13:41:19,16.7800,38,2
2026-04-03,601012,13:41:22,16.7900,94,1
2026-04-03,601012,13:41:25,16.7900,219,1
2026-04-03,601012,13:41:28,16.7900,273,1
2026-04-03,601012,13:41:31,16.7900,189,1
2026-04-03,601012,13:41:34,16.8000,36,1
2026-04-03,601012,13:41:36,16.8000,623,1
2026-04-03,601012,13:41:40,16.8000,23,1
2026-04-03,601012,13:41:43,16.7900,253,2
2026-04-03,601012,13:41:46,16.8000,351,1
2026-04-03,601012,13:41:49,16.8000,78,2
2026-04-03,601012,13:41:52,16.8000,85,2
2026-04-03,601012,13:41:55,16.8000,159,2
2026-04-03,601012,13:41:58,16.8000,337,1
2026-04-03,601012,13:42:01,16.8100,6,1
2026-04-03,601012,13:42:04,16.8100,41,1
2026-04-03,601012,13:42:07,16.8100,300,1
2026-04-03,601012,13:42:10,16.8000,150,2
2026-04-03,601012,13:42:13,16.8100,280,1
2026-04-03,601012,13:42:16,16.8100,104,1
2026-04-03,601012,13:42:19,16.8000,686,2
2026-04-03,601012,13:42:22,16.8000,299,1
2026-04-03,601012,13:42:25,16.8100,176,1
2026-04-03,601012,13:42:28,16.8000,159,2
2026-04-03,601012,13:42:31,16.8000,348,2
2026-04-03,601012,13:42:34,16.8000,340,1
2026-04-03,601012,13:42:37,16.8100,251,1
2026-04-03,601012,13:42:40,16.8100,165,1
2026-04-03,601012,13:42:43,16.8000,95,4
2026-04-03,601012,13:42:46,16.8000,192,2
2026-04-03,601012,13:42:49,16.8000,109,2
2026-04-03,601012,13:42:52,16.8000,167,1
2026-04-03,601012,13:42:55,16.8000,129,1
2026-04-03,601012,13:42:58,16.8000,42,1
2026-04-03,601012,13:43:01,16.8000,351,1
2026-04-03,601012,13:43:04,16.8000,167,1
2026-04-03,601012,13:43:06,16.8000,61,2
2026-04-03,601012,13:43:10,16.8000,170,1
2026-04-03,601012,13:43:13,16.8000,112,1
2026-04-03,601012,13:43:16,16.7900,263,2
2026-04-03,601012,13:43:19,16.7900,115,1
2026-04-03,601012,13:43:21,16.7900,158,1
2026-04-03,601012,13:43:24,16.7900,69,1
2026-04-03,601012,13:43:28,16.7900,32,1
2026-04-03,601012,13:43:31,16.7900,33,1
2026-04-03,601012,13:43:34,16.7800,155,2
2026-04-03,601012,13:43:37,16.7900,206,1
2026-04-03,601012,13:43:40,16.7800,29,2
2026-04-03,601012,13:43:43,16.7800,38,2
2026-04-03,601012,13:43:46,16.7800,9,2
2026-04-03,601012,13:43:49,16.7900,83,1
2026-04-03,601012,13:43:52,16.7900,101,1
2026-04-03,601012,13:43:55,16.7900,108,1
2026-04-03,601012,13:43:58,16.7900,100,1
2026-04-03,601012,13:44:01,16.7900,86,1
2026-04-03,601012,13:44:04,16.7900,80,1
2026-04-03,601012,13:44:07,16.7900,91,1
2026-04-03,601012,13:44:10,16.7900,89,1
2026-04-03,601012,13:44:13,16.7900,253,1
2026-04-03,601012,13:44:15,16.7900,197,1
2026-04-03,601012,13:44:19,16.7900,42,1
2026-04-03,601012,13:44:22,16.7900,57,1
2026-04-03,601012,13:44:25,16.7900,145,1
2026-04-03,601012,13:44:27,16.7800,101,2
2026-04-03,601012,13:44:31,16.7900,57,1
2026-04-03,601012,13:44:34,16.7900,162,1
2026-04-03,601012,13:44:37,16.7800,75,4
2026-04-03,601012,13:44:40,16.7800,100,1
2026-04-03,601012,13:44:43,16.7800,181,1
2026-04-03,601012,13:44:46,16.7800,60,1
2026-04-03,601012,13:44:49,16.7700,644,2
2026-04-03,601012,13:44:52,16.7700,57,2
2026-04-03,601012,13:44:55,16.7700,55,2
2026-04-03,601012,13:44:58,16.7700,145,2
2026-04-03,601012,13:45:01,16.7800,57,1
2026-04-03,601012,13:45:03,16.7700,277,2
2026-04-03,601012,13:45:07,16.7800,150,1
2026-04-03,601012,13:45:10,16.7700,90,2
2026-04-03,601012,13:45:12,16.7700,402,2
2026-04-03,601012,13:45:16,16.7800,121,1
2026-04-03,601012,13:45:19,16.7800,69,1
2026-04-03,601012,13:45:22,16.7800,65,1
2026-04-03,601012,13:45:25,16.7800,339,1
2026-04-03,601012,13:45:28,16.7700,131,2
2026-04-03,601012,13:45:31,16.7800,80,1
2026-04-03,601012,13:45:34,16.7700,163,2
2026-04-03,601012,13:45:37,16.7700,150,2
2026-04-03,601012,13:45:40,16.7800,115,1
2026-04-03,601012,13:45:42,16.7700,33,1
2026-04-03,601012,13:45:46,16.7700,58,1
2026-04-03,601012,13:45:49,16.7700,113,1
2026-04-03,601012,13:45:52,16.7600,162,2
2026-04-03,601012,13:45:55,16.7700,316,1
2026-04-03,601012,13:45:58,16.7600,90,2
2026-04-03,601012,13:46:01,16.7700,52,1
2026-04-03,601012,13:46:04,16.7600,55,2
2026-04-03,601012,13:46:06,16.7600,92,2
2026-04-03,601012,13:46:10,16.7600,14,2
2026-04-03,601012,13:46:12,16.7700,916,1
2026-04-03,601012,13:46:16,16.7600,169,2
2026-04-03,601012,13:46:19,16.7500,332,2
2026-04-03,601012,13:46:22,16.7500,62,2
2026-04-03,601012,13:46:25,16.7600,43,1
2026-04-03,601012,13:46:28,16.7600,279,1
2026-04-03,601012,13:46:31,16.7500,474,2
2026-04-03,601012,13:46:34,16.7600,660,1
2026-04-03,601012,13:46:37,16.7500,400,2
2026-04-03,601012,13:46:40,16.7500,302,1
2026-04-03,601012,13:46:43,16.7500,124,1
2026-04-03,601012,13:46:46,16.7500,281,1
2026-04-03,601012,13:46:49,16.7400,69,2
2026-04-03,601012,13:46:52,16.7400,132,1
2026-04-03,601012,13:46:55,16.7300,62,2
2026-04-03,601012,13:46:58,16.7300,68,2
2026-04-03,601012,13:47:01,16.7300,75,2
2026-04-03,601012,13:47:04,16.7400,477,1
2026-04-03,601012,13:47:07,16.7400,148,2
2026-04-03,601012,13:47:10,16.7400,76,2
2026-04-03,601012,13:47:13,16.7400,358,1
2026-04-03,601012,13:47:16,16.7400,120,1
2026-04-03,601012,13:47:19,16.7300,43,2
2026-04-03,601012,13:47:22,16.7400,103,1
2026-04-03,601012,13:47:25,16.7300,170,2
2026-04-03,601012,13:47:27,16.7400,412,1
2026-04-03,601012,13:47:31,16.7400,44,2
2026-04-03,601012,13:47:34,16.7500,25,1
2026-04-03,601012,13:47:37,16.7400,139,2
2026-04-03,601012,13:47:40,16.7400,37,1
2026-04-03,601012,13:47:43,16.7400,65,1
2026-04-03,601012,13:47:46,16.7400,1,1
2026-04-03,601012,13:47:49,16.7300,56,2
2026-04-03,601012,13:47:52,16.7400,31,1
2026-04-03,601012,13:47:55,16.7400,69,1
2026-04-03,601012,13:47:58,16.7300,31,2
2026-04-03,601012,13:48:01,16.7300,158,2
2026-04-03,601012,13:48:04,16.7400,262,1
2026-04-03,601012,13:48:07,16.7400,249,1
2026-04-03,601012,13:48:10,16.7400,38,1
2026-04-03,601012,13:48:13,16.7300,53,2
2026-04-03,601012,13:48:16,16.7300,154,2
2026-04-03,601012,13:48:19,16.7400,44,1
2026-04-03,601012,13:48:21,16.7400,139,1
2026-04-03,601012,13:48:24,16.7300,214,2
2026-04-03,601012,13:48:28,16.7400,86,1
2026-04-03,601012,13:48:31,16.7300,91,2
2026-04-03,601012,13:48:34,16.7400,725,1
2026-04-03,601012,13:48:37,16.7400,95,2
2026-04-03,601012,13:48:40,16.7500,26,1
2026-04-03,601012,13:48:43,16.7400,29,2
2026-04-03,601012,13:48:45,16.7400,25,2
2026-04-03,601012,13:48:49,16.7500,114,1
2026-04-03,601012,13:48:52,16.7400,134,2
2026-04-03,601012,13:48:55,16.7500,88,1
2026-04-03,601012,13:48:58,16.7500,49,1
2026-04-03,601012,13:49:00,16.7400,245,2
2026-04-03,601012,13:49:04,16.7400,88,1
2026-04-03,601012,13:49:07,16.7400,89,1
2026-04-03,601012,13:49:10,16.7400,115,1
2026-04-03,601012,13:49:13,16.7400,187,1
2026-04-03,601012,13:49:16,16.7300,268,2
2026-04-03,601012,13:49:19,16.7300,61,1
2026-04-03,601012,13:49:21,16.7300,221,1
2026-04-03,601012,13:49:25,16.7300,845,1
2026-04-03,601012,13:49:28,16.7300,370,2
2026-04-03,601012,13:49:31,16.7300,15,2
2026-04-03,601012,13:49:34,16.7300,91,2
2026-04-03,601012,13:49:37,16.7200,206,2
2026-04-03,601012,13:49:40,16.7300,50,4
2026-04-03,601012,13:49:43,16.7200,11,2
2026-04-03,601012,13:49:46,16.7300,168,1
2026-04-03,601012,13:49:49,16.7300,730,1
2026-04-03,601012,13:49:52,16.7300,55,1
2026-04-03,601012,13:49:55,16.7100,57,2
2026-04-03,601012,13:49:58,16.7200,36,1
2026-04-03,601012,13:50:01,16.7100,234,2
2026-04-03,601012,13:50:04,16.7100,316,2
2026-04-03,601012,13:50:07,16.7200,461,1
2026-04-03,601012,13:50:10,16.7200,119,1
2026-04-03,601012,13:50:13,16.7200,49,1
2026-04-03,601012,13:50:16,16.7100,212,2
2026-04-03,601012,13:50:19,16.7200,238,1
2026-04-03,601012,13:50:22,16.7200,56,1
2026-04-03,601012,13:50:25,16.7200,41,1
2026-04-03,601012,13:50:28,16.7200,18,1
2026-04-03,601012,13:50:31,16.7100,340,2
2026-04-03,601012,13:50:34,16.7100,126,2
2026-04-03,601012,13:50:37,16.7100,18,2
2026-04-03,601012,13:50:39,16.7200,55,1
2026-04-03,601012,13:50:43,16.7100,67,2
2026-04-03,601012,13:50:46,16.7200,39,1
2026-04-03,601012,13:50:49,16.7100,458,2
2026-04-03,601012,13:50:52,16.7100,328,1
2026-04-03,601012,13:50:55,16.7000,58,2
2026-04-03,601012,13:50:58,16.7000,533,2
2026-04-03,601012,13:51:01,16.7100,163,1
2026-04-03,601012,13:51:04,16.7100,293,1
2026-04-03,601012,13:51:07,16.7100,802,1
2026-04-03,601012,13:51:09,16.7100,418,1
2026-04-03,601012,13:51:13,16.7000,383,2
2026-04-03,601012,13:51:16,16.7100,16,1
2026-04-03,601012,13:51:19,16.7100,78,1
2026-04-03,601012,13:51:22,16.7000,1035,2
2026-04-03,601012,13:51:25,16.7100,129,1
2026-04-03,601012,13:51:28,16.7100,670,1
2026-04-03,601012,13:51:31,16.7100,258,1
2026-04-03,601012,13:51:34,16.7000,273,2
2026-04-03,601012,13:51:37,16.7100,193,1
2026-04-03,601012,13:51:40,16.7000,44,2
2026-04-03,601012,13:51:43,16.7100,168,1
2026-04-03,601012,13:51:46,16.7100,41,1
2026-04-03,601012,13:51:49,16.7100,103,1
2026-04-03,601012,13:51:52,16.7100,103,1
2026-04-03,601012,13:51:55,16.7100,51,1
2026-04-03,601012,13:51:58,16.7000,84,2
2026-04-03,601012,13:52:01,16.7000,771,2
2026-04-03,601012,13:52:04,16.7100,179,1
2026-04-03,601012,13:52:07,16.7000,167,2
2026-04-03,601012,13:52:10,16.7100,113,1
2026-04-03,601012,13:52:13,16.7000,412,2
2026-04-03,601012,13:52:16,16.7000,164,1
2026-04-03,601012,13:52:19,16.6900,191,2
2026-04-03,601012,13:52:22,16.7000,572,1
2026-04-03,601012,13:52:25,16.7000,88,2
2026-04-03,601012,13:52:28,16.7000,4,2
2026-04-03,601012,13:52:31,16.7100,18,1
2026-04-03,601012,13:52:34,16.7000,299,2
2026-04-03,601012,13:52:37,16.7000,30,2
2026-04-03,601012,13:52:40,16.7000,77,2
2026-04-03,601012,13:52:43,16.7000,113,2
2026-04-03,601012,13:52:46,16.7100,211,1
2026-04-03,601012,13:52:49,16.7000,65,2
2026-04-03,601012,13:52:52,16.7000,63,2
2026-04-03,601012,13:52:55,16.7000,447,2
2026-04-03,601012,13:52:58,16.7100,293,1
2026-04-03,601012,13:53:01,16.7100,89,1
2026-04-03,601012,13:53:04,16.7100,315,1
2026-04-03,601012,13:53:07,16.7100,106,1
2026-04-03,601012,13:53:10,16.7100,129,1
2026-04-03,601012,13:53:13,16.7000,132,2
2026-04-03,601012,13:53:16,16.7100,25,1
2026-04-03,601012,13:53:19,16.7100,18,1
2026-04-03,601012,13:53:22,16.7100,227,1
2026-04-03,601012,13:53:25,16.7000,44,2
2026-04-03,601012,13:53:28,16.7100,46,1
2026-04-03,601012,13:53:31,16.7000,87,2
2026-04-03,601012,13:53:34,16.7100,263,1
2026-04-03,601012,13:53:37,16.7100,38,1
2026-04-03,601012,13:53:40,16.7100,97,1
2026-04-03,601012,13:53:43,16.7100,34,1
2026-04-03,601012,13:53:46,16.7000,654,2
2026-04-03,601012,13:53:49,16.7200,14,1
2026-04-03,601012,13:53:52,16.7100,485,2
2026-04-03,601012,13:53:55,16.7200,26,1
2026-04-03,601012,13:53:57,16.7200,142,1
2026-04-03,601012,13:54:00,16.7200,21,1
2026-04-03,601012,13:54:04,16.7100,85,2
2026-04-03,601012,13:54:07,16.7100,64,1
2026-04-03,601012,13:54:10,16.7000,118,2
2026-04-03,601012,13:54:13,16.7100,44,1
2026-04-03,601012,13:54:16,16.7100,32,1
2026-04-03,601012,13:54:19,16.7100,63,1
2026-04-03,601012,13:54:22,16.7100,54,1
2026-04-03,601012,13:54:25,16.7100,117,1
2026-04-03,601012,13:54:27,16.7100,569,1
2026-04-03,601012,13:54:31,16.7100,102,1
2026-04-03,601012,13:54:34,16.7100,380,1
2026-04-03,601012,13:54:37,16.7100,145,1
2026-04-03,601012,13:54:40,16.7100,39,1
2026-04-03,601012,13:54:43,16.7100,99,1
2026-04-03,601012,13:54:46,16.7100,144,1
2026-04-03,601012,13:54:49,16.7100,108,1
2026-04-03,601012,13:54:52,16.7100,77,2
2026-04-03,601012,13:54:55,16.7200,3,1
2026-04-03,601012,13:54:58,16.7100,594,2
2026-04-03,601012,13:55:01,16.7100,103,1
2026-04-03,601012,13:55:04,16.7200,24,1
2026-04-03,601012,13:55:07,16.7200,94,1
2026-04-03,601012,13:55:10,16.7200,61,1
2026-04-03,601012,13:55:13,16.7100,40,2
2026-04-03,601012,13:55:16,16.7200,9,1
2026-04-03,601012,13:55:19,16.7100,29,2
2026-04-03,601012,13:55:22,16.7100,13,2
2026-04-03,601012,13:55:25,16.7100,34,2
2026-04-03,601012,13:55:28,16.7100,89,2
2026-04-03,601012,13:55:31,16.7100,27,2
2026-04-03,601012,13:55:34,16.7100,228,2
2026-04-03,601012,13:55:37,16.7200,97,1
2026-04-03,601012,13:55:40,16.7100,24,2
2026-04-03,601012,13:55:43,16.7200,35,1
2026-04-03,601012,13:55:46,16.7100,19,2
2026-04-03,601012,13:55:49,16.7100,50,2
2026-04-03,601012,13:55:52,16.7200,63,1
2026-04-03,601012,13:55:55,16.7200,110,1
2026-04-03,601012,13:55:57,16.7200,208,1
2026-04-03,601012,13:56:00,16.7200,112,1
2026-04-03,601012,13:56:04,16.7100,50,2
2026-04-03,601012,13:56:07,16.7200,63,1
2026-04-03,601012,13:56:10,16.7100,46,2
2026-04-03,601012,13:56:13,16.7200,45,1
2026-04-03,601012,13:56:16,16.7100,19,2
2026-04-03,601012,13:56:18,16.7200,69,1
2026-04-03,601012,13:56:22,16.7100,33,2
2026-04-03,601012,13:56:24,16.7100,70,2
2026-04-03,601012,13:56:28,16.7100,137,2
2026-04-03,601012,13:56:31,16.7100,99,2
2026-04-03,601012,13:56:34,16.7200,233,1
2026-04-03,601012,13:56:37,16.7100,98,2
2026-04-03,601012,13:56:40,16.7200,109,1
2026-04-03,601012,13:56:43,16.7200,61,1
2026-04-03,601012,13:56:46,16.7100,34,2
2026-04-03,601012,13:56:49,16.7100,30,2
2026-04-03,601012,13:56:52,16.7200,28,1
2026-04-03,601012,13:56:55,16.7200,121,1
2026-04-03,601012,13:56:57,16.7200,26,1
2026-04-03,601012,13:57:01,16.7200,47,1
2026-04-03,601012,13:57:04,16.7200,76,1
2026-04-03,601012,13:57:07,16.7100,129,2
2026-04-03,601012,13:57:10,16.7200,155,1
2026-04-03,601012,13:57:13,16.7100,106,2
2026-04-03,601012,13:57:16,16.7200,69,1
2026-04-03,601012,13:57:19,16.7200,207,1
2026-04-03,601012,13:57:22,16.7200,68,1
2026-04-03,601012,13:57:25,16.7200,26,1
2026-04-03,601012,13:57:28,16.7100,67,2
2026-04-03,601012,13:57:31,16.7100,60,2
2026-04-03,601012,13:57:34,16.7100,93,2
2026-04-03,601012,13:57:37,16.7200,24,1
2026-04-03,601012,13:57:40,16.7200,88,1
2026-04-03,601012,13:57:43,16.7200,78,1
2026-04-03,601012,13:57:45,16.7100,16,2
2026-04-03,601012,13:57:49,16.7200,27,1
2026-04-03,601012,13:57:52,16.7200,106,1
2026-04-03,601012,13:57:55,16.7100,13,2
2026-04-03,601012,13:57:58,16.7200,117,1
2026-04-03,601012,13:58:00,16.7200,73,1
2026-04-03,601012,13:58:04,16.7200,253,1
2026-04-03,601012,13:58:07,16.7200,153,1
2026-04-03,601012,13:58:10,16.7200,43,1
2026-04-03,601012,13:58:13,16.7200,75,1
2026-04-03,601012,13:58:16,16.7100,197,2
2026-04-03,601012,13:58:19,16.7100,157,1
2026-04-03,601012,13:58:22,16.7100,56,1
2026-04-03,601012,13:58:25,16.7100,114,1
2026-04-03,601012,13:58:28,16.7100,36,1
2026-04-03,601012,13:58:31,16.7100,11,2
2026-04-03,601012,13:58:33,16.7100,45,2
2026-04-03,601012,13:58:37,16.7100,94,2
2026-04-03,601012,13:58:40,16.7200,54,1
2026-04-03,601012,13:58:43,16.7200,144,1
2026-04-03,601012,13:58:46,16.7100,322,2
2026-04-03,601012,13:58:49,16.7200,59,1
2026-04-03,601012,13:58:52,16.7200,22,1
2026-04-03,601012,13:58:55,16.7200,133,1
2026-04-03,601012,13:58:57,16.7100,40,2
2026-04-03,601012,13:59:01,16.7200,83,1
2026-04-03,601012,13:59:04,16.7000,289,2
2026-04-03,601012,13:59:07,16.7100,6,2
2026-04-03,601012,13:59:10,16.7100,51,2
2026-04-03,601012,13:59:13,16.7200,35,1
2026-04-03,601012,13:59:16,16.7200,75,1
2026-04-03,601012,13:59:19,16.7200,87,1
2026-04-03,601012,13:59:22,16.7100,45,2
2026-04-03,601012,13:59:24,16.7200,160,1
2026-04-03,601012,13:59:28,16.7100,44,2
2026-04-03,601012,13:59:31,16.7100,85,2
2026-04-03,601012,13:59:33,16.7100,100,2
2026-04-03,601012,13:59:36,16.7200,9,1
2026-04-03,601012,13:59:40,16.7100,57,2
2026-04-03,601012,13:59:43,16.7200,434,1
2026-04-03,601012,13:59:46,16.7300,2,1
2026-04-03,601012,13:59:49,16.7200,16,2
2026-04-03,601012,13:59:52,16.7300,94,1
2026-04-03,601012,13:59:55,16.7300,7,1
2026-04-03,601012,13:59:58,16.7300,23,1
2026-04-03,601012,14:00:01,16.7300,40,1
2026-04-03,601012,14:00:04,16.7200,153,2
2026-04-03,601012,14:00:07,16.7300,18,1
2026-04-03,601012,14:00:10,16.7300,41,1
2026-04-03,601012,14:00:13,16.7300,48,1
2026-04-03,601012,14:00:16,16.7300,34,1
2026-04-03,601012,14:00:19,16.7300,84,1
2026-04-03,601012,14:00:22,16.7200,55,2
2026-04-03,601012,14:00:25,16.7300,41,1
2026-04-03,601012,14:00:27,16.7300,70,1
2026-04-03,601012,14:00:31,16.7300,55,1
2026-04-03,601012,14:00:34,16.7200,249,2
2026-04-03,601012,14:00:37,16.7200,38,2
2026-04-03,601012,14:00:40,16.7200,69,2
2026-04-03,601012,14:00:43,16.7300,270,1
2026-04-03,601012,14:00:46,16.7300,107,1
2026-04-03,601012,14:00:48,16.7300,96,1
2026-04-03,601012,14:00:52,16.7200,72,2
2026-04-03,601012,14:00:55,16.7300,49,1
2026-04-03,601012,14:00:58,16.7300,1051,1
2026-04-03,601012,14:01:00,16.7300,8,2
2026-04-03,601012,14:01:04,16.7300,73,2
2026-04-03,601012,14:01:07,16.7400,17,4
2026-04-03,601012,14:01:10,16.7500,377,1
2026-04-03,601012,14:01:13,16.7500,45,1
2026-04-03,601012,14:01:15,16.7500,45,1
2026-04-03,601012,14:01:19,16.7500,302,1
2026-04-03,601012,14:01:22,16.7500,43,1
2026-04-03,601012,14:01:25,16.7500,219,1
2026-04-03,601012,14:01:27,16.7500,200,1
2026-04-03,601012,14:01:30,16.7500,23,2
2026-04-03,601012,14:01:34,16.7600,13,1
2026-04-03,601012,14:01:37,16.7600,110,1
2026-04-03,601012,14:01:40,16.7600,112,1
2026-04-03,601012,14:01:43,16.7600,259,1
2026-04-03,601012,14:01:46,16.7600,248,1
2026-04-03,601012,14:01:49,16.7700,46,1
2026-04-03,601012,14:01:51,16.7700,39,1
2026-04-03,601012,14:01:55,16.7700,176,1
2026-04-03,601012,14:01:58,16.7700,39,1
2026-04-03,601012,14:02:01,16.7700,304,1
2026-04-03,601012,14:02:04,16.7700,474,1
2026-04-03,601012,14:02:07,16.7600,313,2
2026-04-03,601012,14:02:10,16.7700,712,1
2026-04-03,601012,14:02:13,16.7700,35,2
2026-04-03,601012,14:02:16,16.7800,402,1
2026-04-03,601012,14:02:19,16.7800,158,1
2026-04-03,601012,14:02:22,16.7800,172,1
2026-04-03,601012,14:02:25,16.7800,221,1
2026-04-03,601012,14:02:28,16.7800,201,1
2026-04-03,601012,14:02:31,16.7800,136,2
2026-04-03,601012,14:02:33,16.7800,188,2
2026-04-03,601012,14:02:37,16.7800,123,2
2026-04-03,601012,14:02:39,16.7800,53,1
2026-04-03,601012,14:02:43,16.7800,422,1
2026-04-03,601012,14:02:45,16.7800,245,1
2026-04-03,601012,14:02:49,16.7700,131,2
2026-04-03,601012,14:02:52,16.7700,122,1
2026-04-03,601012,14:02:55,16.7700,330,1
2026-04-03,601012,14:02:58,16.7700,64,2
2026-04-03,601012,14:03:01,16.7700,66,2
2026-04-03,601012,14:03:04,16.7700,224,2
2026-04-03,601012,14:03:07,16.7700,102,1
2026-04-03,601012,14:03:10,16.7600,25,2
2026-04-03,601012,14:03:12,16.7600,401,2
2026-04-03,601012,14:03:16,16.7800,268,1
2026-04-03,601012,14:03:19,16.7600,78,2
2026-04-03,601012,14:03:22,16.7600,56,1
2026-04-03,601012,14:03:25,16.7600,114,1
2026-04-03,601012,14:03:28,16.7600,543,2
2026-04-03,601012,14:03:31,16.7600,387,1
2026-04-03,601012,14:03:34,16.7600,273,1
2026-04-03,601012,14:03:37,16.7600,148,1
2026-04-03,601012,14:03:40,16.7600,57,1
2026-04-03,601012,14:03:42,16.7600,83,1
2026-04-03,601012,14:03:46,16.7600,12,2
2026-04-03,601012,14:03:49,16.7600,44,2
2026-04-03,601012,14:03:52,16.7600,95,2
2026-04-03,601012,14:03:55,16.7600,104,2
2026-04-03,601012,14:03:58,16.7600,3,1
2026-04-03,601012,14:04:00,16.7500,472,2
2026-04-03,601012,14:04:04,16.7500,324,2
2026-04-03,601012,14:04:07,16.7500,22,1
2026-04-03,601012,14:04:10,16.7700,319,1
2026-04-03,601012,14:04:13,16.7500,36,4
2026-04-03,601012,14:04:16,16.7300,325,2
2026-04-03,601012,14:04:19,16.7300,28,2
2026-04-03,601012,14:04:22,16.7300,122,2
2026-04-03,601012,14:04:25,16.7400,95,1
2026-04-03,601012,14:04:28,16.7300,210,2
2026-04-03,601012,14:04:31,16.7300,75,2
2026-04-03,601012,14:04:34,16.7400,84,1
2026-04-03,601012,14:04:37,16.7400,162,2
2026-04-03,601012,14:04:40,16.7400,39,1
2026-04-03,601012,14:04:42,16.7400,123,1
2026-04-03,601012,14:04:46,16.7400,32,1
2026-04-03,601012,14:04:49,16.7300,21,2
2026-04-03,601012,14:04:52,16.7400,125,1
2026-04-03,601012,14:04:55,16.7400,8,1
2026-04-03,601012,14:04:58,16.7300,91,2
2026-04-03,601012,14:05:01,16.7300,216,1
2026-04-03,601012,14:05:04,16.7300,110,1
2026-04-03,601012,14:05:07,16.7300,81,1
2026-04-03,601012,14:05:10,16.7300,164,1
2026-04-03,601012,14:05:12,16.7200,38,2
2026-04-03,601012,14:05:16,16.7200,31,2
2026-04-03,601012,14:05:19,16.7200,58,2
2026-04-03,601012,14:05:22,16.7300,84,1
2026-04-03,601012,14:05:25,16.7300,68,1
2026-04-03,601012,14:05:28,16.7300,21,1
2026-04-03,601012,14:05:31,16.7300,34,1
2026-04-03,601012,14:05:33,16.7200,1244,2
2026-04-03,601012,14:05:37,16.7200,70,1
2026-04-03,601012,14:05:40,16.7200,181,1
2026-04-03,601012,14:05:43,16.7200,34,1
2026-04-03,601012,14:05:46,16.7100,89,2
2026-04-03,601012,14:05:49,16.7200,151,1
2026-04-03,601012,14:05:52,16.7100,19,2
2026-04-03,601012,14:05:55,16.7100,75,2
2026-04-03,601012,14:05:58,16.7200,219,1
2026-04-03,601012,14:06:01,16.7100,78,2
2026-04-03,601012,14:06:04,16.7100,834,2
2026-04-03,601012,14:06:07,16.7100,94,1
2026-04-03,601012,14:06:10,16.7000,146,2
2026-04-03,601012,14:06:13,16.7100,25,1
2026-04-03,601012,14:06:16,16.7100,31,1
2026-04-03,601012,14:06:19,16.7100,128,1
2026-04-03,601012,14:06:22,16.7100,112,1
2026-04-03,601012,14:06:25,16.7000,82,2
2026-04-03,601012,14:06:28,16.7000,294,2
2026-04-03,601012,14:06:31,16.7100,54,1
2026-04-03,601012,14:06:34,16.7100,334,1
2026-04-03,601012,14:06:37,16.7000,79,2
2026-04-03,601012,14:06:40,16.7000,153,2
2026-04-03,601012,14:06:43,16.7100,158,1
2026-04-03,601012,14:06:46,16.7000,164,2
2026-04-03,601012,14:06:49,16.7000,72,2
2026-04-03,601012,14:06:52,16.7000,63,2
2026-04-03,601012,14:06:55,16.7000,113,2
2026-04-03,601012,14:06:58,16.7000,124,2
2026-04-03,601012,14:07:01,16.7100,139,1
2026-04-03,601012,14:07:04,16.7100,224,1
2026-04-03,601012,10:57:10,16.8600,175,2
2026-04-03,601012,10:57:12,16.8600,76,2
2026-04-03,601012,10:57:16,16.8600,72,2
2026-04-03,601012,10:57:19,16.8500,32,2
2026-04-03,601012,10:57:22,16.8600,84,1
2026-04-03,601012,10:57:25,16.8500,101,2
2026-04-03,601012,10:57:28,16.8600,45,1
2026-04-03,601012,10:57:31,16.8500,295,2
2026-04-03,601012,10:57:34,16.8600,80,1
2026-04-03,601012,10:57:37,16.8500,322,2
2026-04-03,601012,10:57:39,16.8600,58,1
2026-04-03,601012,10:57:43,16.8500,79,2
2026-04-03,601012,10:57:46,16.8500,351,2
2026-04-03,601012,10:57:49,16.8500,195,2
2026-04-03,601012,10:57:52,16.8500,162,2
2026-04-03,601012,10:57:54,16.8500,492,2
2026-04-03,601012,10:57:58,16.8500,786,2
2026-04-03,601012,10:58:00,16.8500,217,2
2026-04-03,601012,10:58:04,16.8500,244,1
2026-04-03,601012,10:58:07,16.8400,196,2
2026-04-03,601012,10:58:10,16.8400,116,2
2026-04-03,601012,10:58:13,16.8500,276,1
2026-04-03,601012,10:58:16,16.8500,112,1
2026-04-03,601012,10:58:19,16.8500,97,1
2026-04-03,601012,10:58:22,16.8500,183,1
2026-04-03,601012,10:58:25,16.8500,51,1
2026-04-03,601012,10:58:28,16.8400,388,2
2026-04-03,601012,10:58:31,16.8500,100,1
2026-04-03,601012,10:58:34,16.8400,297,2
2026-04-03,601012,10:58:37,16.8500,363,1
2026-04-03,601012,10:58:40,16.8400,37,2
2026-04-03,601012,10:58:43,16.8400,15,2
2026-04-03,601012,10:58:45,16.8500,62,1
2026-04-03,601012,10:58:49,16.8400,36,2
2026-04-03,601012,10:58:52,16.8400,332,2
2026-04-03,601012,10:58:55,16.8400,217,2
2026-04-03,601012,10:58:58,16.8500,143,1
2026-04-03,601012,10:59:01,16.8400,767,2
2026-04-03,601012,10:59:04,16.8400,335,2
2026-04-03,601012,10:59:07,16.8400,330,1
2026-04-03,601012,10:59:09,16.8400,46,1
2026-04-03,601012,10:59:13,16.8400,37,1
2026-04-03,601012,10:59:16,16.8400,122,1
2026-04-03,601012,10:59:19,16.8400,86,1
2026-04-03,601012,10:59:22,16.8300,52,2
2026-04-03,601012,10:59:25,16.8400,172,1
2026-04-03,601012,10:59:28,16.8300,205,2
2026-04-03,601012,10:59:31,16.8400,82,1
2026-04-03,601012,10:59:34,16.8300,175,2
2026-04-03,601012,10:59:37,16.8400,341,1
2026-04-03,601012,10:59:40,16.8300,1273,2
2026-04-03,601012,10:59:43,16.8300,101,2
2026-04-03,601012,10:59:46,16.8400,176,1
2026-04-03,601012,10:59:49,16.8300,143,2
2026-04-03,601012,10:59:52,16.8400,197,1
2026-04-03,601012,10:59:55,16.8400,84,1
2026-04-03,601012,10:59:58,16.8300,359,2
2026-04-03,601012,11:00:01,16.8200,132,2
2026-04-03,601012,11:00:04,16.8200,268,2
2026-04-03,601012,11:00:07,16.8200,264,2
2026-04-03,601012,11:00:10,16.8300,166,1
2026-04-03,601012,11:00:13,16.8200,250,2
2026-04-03,601012,11:00:16,16.8200,365,2
2026-04-03,601012,11:00:19,16.8200,437,2
2026-04-03,601012,11:00:22,16.8200,389,2
2026-04-03,601012,11:00:25,16.8200,238,2
2026-04-03,601012,11:00:28,16.8200,531,2
2026-04-03,601012,11:00:31,16.8200,305,2
2026-04-03,601012,11:00:34,16.8200,485,2
2026-04-03,601012,11:00:37,16.8300,106,1
2026-04-03,601012,11:00:40,16.8300,302,1
2026-04-03,601012,11:00:43,16.8300,166,1
2026-04-03,601012,11:00:46,16.8300,85,1
2026-04-03,601012,11:00:49,16.8300,382,1
2026-04-03,601012,11:00:52,16.8200,137,2
2026-04-03,601012,11:00:55,16.8200,154,2
2026-04-03,601012,11:00:58,16.8300,185,1
2026-04-03,601012,11:01:01,16.8300,152,1
2026-04-03,601012,11:01:04,16.8300,117,1
2026-04-03,601012,11:01:07,16.8200,206,2
2026-04-03,601012,11:01:10,16.8200,578,2
2026-04-03,601012,11:01:13,16.8200,407,2
2026-04-03,601012,11:01:16,16.8300,81,1
2026-04-03,601012,11:01:19,16.8300,164,1
2026-04-03,601012,11:01:22,16.8300,110,1
2026-04-03,601012,11:01:24,16.8200,387,2
2026-04-03,601012,11:01:28,16.8300,229,1
2026-04-03,601012,11:01:31,16.8200,392,2
2026-04-03,601012,11:01:34,16.8200,298,2
2026-04-03,601012,11:01:36,16.8200,1315,2
2026-04-03,601012,11:01:40,16.8200,73,2
2026-04-03,601012,11:01:43,16.8200,169,2
2026-04-03,601012,11:01:46,16.8200,502,2
2026-04-03,601012,11:01:49,16.8200,241,2
2026-04-03,601012,11:01:52,16.8200,270,2
2026-04-03,601012,11:01:55,16.8200,192,2
2026-04-03,601012,11:01:58,16.8200,305,1
2026-04-03,601012,11:02:01,16.8200,360,1
2026-04-03,601012,11:02:04,16.8200,177,1
2026-04-03,601012,11:02:06,16.8100,348,2
2026-04-03,601012,11:02:10,16.8200,384,1
2026-04-03,601012,11:02:13,16.8200,61,1
2026-04-03,601012,11:02:16,16.8200,979,1
2026-04-03,601012,11:02:19,16.8100,132,2
2026-04-03,601012,11:02:22,16.8200,217,1
2026-04-03,601012,11:02:24,16.8200,87,1
2026-04-03,601012,11:02:28,16.8100,122,2
2026-04-03,601012,11:02:31,16.8200,167,1
2026-04-03,601012,11:02:33,16.8100,107,2
2026-04-03,601012,11:02:37,16.8200,74,1
2026-04-03,601012,11:02:40,16.8200,119,1
2026-04-03,601012,11:02:43,16.8200,83,1
2026-04-03,601012,11:02:46,16.8200,227,1
2026-04-03,601012,11:02:48,16.8200,30,1
2026-04-03,601012,11:02:52,16.8100,51,2
2026-04-03,601012,11:02:55,16.8200,290,1
2026-04-03,601012,11:02:58,16.8100,263,2
2026-04-03,601012,11:03:01,16.8200,128,1
2026-04-03,601012,11:03:04,16.8100,87,2
2026-04-03,601012,11:03:07,16.8200,298,1
2026-04-03,601012,11:03:10,16.8100,1029,2
2026-04-03,601012,11:03:13,16.8100,369,2
2026-04-03,601012,11:03:16,16.8200,215,1
2026-04-03,601012,11:03:19,16.8200,341,1
2026-04-03,601012,11:03:22,16.8100,206,2
2026-04-03,601012,11:03:25,16.8200,121,1
2026-04-03,601012,11:03:28,16.8100,85,2
2026-04-03,601012,11:03:30,16.8200,310,1
2026-04-03,601012,11:03:34,16.8100,111,2
2026-04-03,601012,11:03:37,16.8200,205,1
2026-04-03,601012,11:03:40,16.8100,72,2
2026-04-03,601012,11:03:43,16.8100,171,2
2026-04-03,601012,11:03:46,16.8200,672,1
2026-04-03,601012,11:03:49,16.8200,180,1
2026-04-03,601012,11:03:51,16.8100,125,2
2026-04-03,601012,11:03:55,16.8200,95,1
2026-04-03,601012,11:03:58,16.8200,290,1
2026-04-03,601012,11:04:01,16.8200,30,1
2026-04-03,601012,11:04:04,16.8100,371,2
2026-04-03,601012,11:04:07,16.8200,128,1
2026-04-03,601012,11:04:10,16.8200,923,1
2026-04-03,601012,11:04:13,16.8200,467,1
2026-04-03,601012,11:04:16,16.8100,170,2
2026-04-03,601012,11:04:19,16.8200,288,1
2026-04-03,601012,11:04:22,16.8200,215,1
2026-04-03,601012,11:04:25,16.8200,149,1
2026-04-03,601012,11:04:28,16.8200,230,1
2026-04-03,601012,11:04:31,16.8200,92,1
2026-04-03,601012,11:04:34,16.8200,123,1
2026-04-03,601012,11:04:37,16.8200,601,1
2026-04-03,601012,11:04:40,16.8200,153,1
2026-04-03,601012,11:04:43,16.8200,156,1
2026-04-03,601012,11:04:45,16.8200,735,1
2026-04-03,601012,11:04:48,16.8100,304,2
2026-04-03,601012,11:04:52,16.8200,231,1
2026-04-03,601012,11:04:55,16.8200,267,1
2026-04-03,601012,11:04:58,16.8200,534,1
2026-04-03,601012,11:05:01,16.8200,159,1
2026-04-03,601012,11:05:04,16.8200,400,1
2026-04-03,601012,11:05:06,16.8100,74,2
2026-04-03,601012,11:05:10,16.8200,179,1
2026-04-03,601012,11:05:13,16.8200,102,1
2026-04-03,601012,11:05:16,16.8200,23,1
2026-04-03,601012,11:05:18,16.8200,454,1
2026-04-03,601012,11:05:22,16.8200,317,1
2026-04-03,601012,11:05:25,16.8100,145,2
2026-04-03,601012,11:05:28,16.8100,712,2
2026-04-03,601012,11:05:31,16.8200,326,1
2026-04-03,601012,11:05:34,16.8200,197,1
2026-04-03,601012,11:05:36,16.8100,169,2
2026-04-03,601012,11:05:40,16.8200,134,1
2026-04-03,601012,11:05:43,16.8200,432,1
2026-04-03,601012,11:05:46,16.8100,555,2
2026-04-03,601012,11:05:49,16.8200,67,1
2026-04-03,601012,11:05:52,16.8100,44,2
2026-04-03,601012,11:05:55,16.8200,238,1
2026-04-03,601012,11:05:58,16.8200,368,1
2026-04-03,601012,11:06:01,16.8200,131,1
2026-04-03,601012,11:06:04,16.8200,145,1
2026-04-03,601012,11:06:07,16.8200,175,1
2026-04-03,601012,11:06:10,16.8200,229,1
2026-04-03,601012,11:06:13,16.8200,430,1
2026-04-03,601012,11:06:16,16.8200,107,1
2026-04-03,601012,11:06:19,16.8100,205,2
2026-04-03,601012,11:06:22,16.8200,188,1
2026-04-03,601012,11:06:25,16.8100,202,2
2026-04-03,601012,11:06:28,16.8100,70,2
2026-04-03,601012,11:06:30,16.8100,182,2
2026-04-03,601012,11:06:34,16.8100,57,1
2026-04-03,601012,11:06:37,16.8000,145,2
2026-04-03,601012,11:06:40,16.8100,898,1
2026-04-03,601012,11:06:43,16.8100,291,2
2026-04-03,601012,11:06:46,16.8100,126,2
2026-04-03,601012,11:06:49,16.8100,109,1
2026-04-03,601012,11:06:52,16.8100,114,1
2026-04-03,601012,11:06:55,16.8100,404,1
2026-04-03,601012,11:06:58,16.8100,82,1
2026-04-03,601012,11:07:01,16.8100,700,1
2026-04-03,601012,11:07:04,16.8100,474,1
2026-04-03,601012,11:07:07,16.8100,89,2
2026-04-03,601012,11:07:10,16.8100,82,2
2026-04-03,601012,11:07:13,16.8100,44,2
2026-04-03,601012,11:07:16,16.8200,79,1
2026-04-03,601012,11:07:19,16.8100,404,2
2026-04-03,601012,11:07:22,16.8200,167,1
2026-04-03,601012,11:07:25,16.8200,300,1
2026-04-03,601012,11:07:28,16.8200,204,1
2026-04-03,601012,11:07:31,16.8200,109,1
2026-04-03,601012,11:07:34,16.8200,250,1
2026-04-03,601012,11:07:37,16.8000,408,2
2026-04-03,601012,11:07:40,16.8100,66,1
2026-04-03,601012,11:07:43,16.8100,84,1
2026-04-03,601012,11:07:45,16.8100,350,1
2026-04-03,601012,11:07:49,16.8100,10051,1
2026-04-03,601012,11:07:52,16.8100,85,2
2026-04-03,601012,11:07:55,16.8100,201,1
2026-04-03,601012,11:07:57,16.8100,193,1
2026-04-03,601012,11:08:01,16.8100,695,1
2026-04-03,601012,11:08:04,16.8100,272,1
2026-04-03,601012,11:08:07,16.8100,291,1
2026-04-03,601012,11:08:10,16.8000,1118,2
2026-04-03,601012,11:08:13,16.8100,155,1
2026-04-03,601012,11:08:16,16.8000,472,2
2026-04-03,601012,11:08:19,16.8100,69,1
2026-04-03,601012,11:08:22,16.8100,416,1
2026-04-03,601012,11:08:25,16.8100,221,1
2026-04-03,601012,11:08:28,16.8100,297,1
2026-04-03,601012,11:08:31,16.8100,314,1
2026-04-03,601012,11:08:34,16.8100,191,1
2026-04-03,601012,11:08:36,16.8100,437,1
2026-04-03,601012,11:08:40,16.8000,370,2
2026-04-03,601012,11:08:43,16.8100,52,1
2026-04-03,601012,11:08:46,16.8000,279,2
2026-04-03,601012,11:08:49,16.8100,576,1
2026-04-03,601012,11:08:52,16.8100,97,1
2026-04-03,601012,11:08:54,16.8100,41,2
2026-04-03,601012,11:08:58,16.8200,90,1
2026-04-03,601012,11:09:01,16.8200,21,1
2026-04-03,601012,11:09:04,16.8200,62,1
2026-04-03,601012,11:09:07,16.8200,50,1
2026-04-03,601012,11:09:10,16.8200,76,1
2026-04-03,601012,11:09:13,16.8200,378,1
2026-04-03,601012,11:09:16,16.8200,120,1
2026-04-03,601012,11:09:19,16.8200,81,1
2026-04-03,601012,11:09:22,16.8200,295,1
2026-04-03,601012,11:09:25,16.8200,214,1
2026-04-03,601012,11:09:28,16.8200,207,1
2026-04-03,601012,11:09:31,16.8100,170,2
2026-04-03,601012,11:09:34,16.8200,285,1
2026-04-03,601012,11:09:36,16.8200,73,1
2026-04-03,601012,11:09:40,16.8200,178,1
2026-04-03,601012,11:09:43,16.8200,152,1
2026-04-03,601012,11:09:46,16.8200,47,1
2026-04-03,601012,11:09:49,16.8200,309,1
2026-04-03,601012,11:09:52,16.8200,138,1
2026-04-03,601012,11:09:55,16.8200,130,1
2026-04-03,601012,11:09:57,16.8200,93,1
2026-04-03,601012,11:10:01,16.8100,250,2
2026-04-03,601012,11:10:04,16.8200,129,1
2026-04-03,601012,11:10:07,16.8200,104,1
2026-04-03,601012,11:10:10,16.8200,91,1
2026-04-03,601012,11:10:13,16.8200,42,1
2026-04-03,601012,11:10:16,16.8200,153,1
2026-04-03,601012,11:10:19,16.8200,52,1
2026-04-03,601012,11:10:22,16.8100,246,2
2026-04-03,601012,11:10:25,16.8200,205,1
2026-04-03,601012,11:10:28,16.8100,102,2
2026-04-03,601012,11:10:30,16.8200,57,1
2026-04-03,601012,11:10:33,16.8200,130,1
2026-04-03,601012,11:10:37,16.8200,67,1
2026-04-03,601012,11:10:40,16.8200,118,1
2026-04-03,601012,11:10:43,16.8200,116,1
2026-04-03,601012,11:10:46,16.8200,146,1
2026-04-03,601012,11:10:49,16.8200,1232,1
2026-04-03,601012,11:10:51,16.8200,76,1
2026-04-03,601012,11:10:55,16.8200,409,1
2026-04-03,601012,11:10:58,16.8200,129,1
2026-04-03,601012,11:11:00,16.8200,402,1
2026-04-03,601012,11:11:04,16.8200,84,1
2026-04-03,601012,11:11:07,16.8200,114,1
2026-04-03,601012,11:11:10,16.8200,240,1
2026-04-03,601012,11:11:13,16.8200,116,1
2026-04-03,601012,11:11:16,16.8200,110,1
2026-04-03,601012,11:11:19,16.8200,194,1
2026-04-03,601012,11:11:22,16.8200,167,1
2026-04-03,601012,11:11:25,16.8200,61,1
2026-04-03,601012,11:11:28,16.8200,381,1
2026-04-03,601012,11:11:31,16.8200,37,1
2026-04-03,601012,11:11:34,16.8200,151,1
2026-04-03,601012,11:11:37,16.8200,124,1
2026-04-03,601012,11:11:40,16.8100,184,2
2026-04-03,601012,11:11:43,16.8200,120,1
2026-04-03,601012,11:11:46,16.8200,160,1
2026-04-03,601012,11:11:48,16.8200,162,1
2026-04-03,601012,11:11:52,16.8200,36,1
2026-04-03,601012,11:11:55,16.8200,37,1
2026-04-03,601012,11:11:58,16.8200,210,1
2026-04-03,601012,11:12:01,16.8200,644,1
2026-04-03,601012,11:12:04,16.8200,136,1
2026-04-03,601012,11:12:07,16.8200,260,1
2026-04-03,601012,11:12:10,16.8200,176,1
2026-04-03,601012,11:12:13,16.8200,61,1
2026-04-03,601012,11:12:16,16.8300,335,1
2026-04-03,601012,11:12:19,16.8200,86,2
2026-04-03,601012,11:12:22,16.8300,154,1
2026-04-03,601012,11:12:25,16.8200,54,2
2026-04-03,601012,11:12:28,16.8300,31,1
2026-04-03,601012,11:12:31,16.8200,81,2
2026-04-03,601012,11:12:34,16.8200,124,2
2026-04-03,601012,11:12:37,16.8200,1069,2
2026-04-03,601012,11:12:40,16.8200,364,1
2026-04-03,601012,11:12:42,16.8200,87,1
2026-04-03,601012,11:12:46,16.8100,303,2
2026-04-03,601012,11:12:48,16.8100,156,2
2026-04-03,601012,11:12:51,16.8200,76,1
2026-04-03,601012,11:12:55,16.8200,301,1
2026-04-03,601012,11:12:57,16.8200,29,1
2026-04-03,601012,11:13:01,16.8200,231,1
2026-04-03,601012,11:13:04,16.8200,99,1
2026-04-03,601012,11:13:07,16.8100,134,2
2026-04-03,601012,11:13:10,16.8200,82,1
2026-04-03,601012,11:13:13,16.8200,159,1
2026-04-03,601012,11:13:16,16.8200,203,1
2026-04-03,601012,11:13:19,16.8200,143,1
2026-04-03,601012,11:13:22,16.8200,124,1
2026-04-03,601012,11:13:25,16.8200,90,1
2026-04-03,601012,11:13:27,16.8200,103,1
2026-04-03,601012,11:13:31,16.8200,106,1
2026-04-03,601012,11:13:34,16.8200,81,1
2026-04-03,601012,11:13:37,16.8200,63,1
2026-04-03,601012,11:13:40,16.8200,175,1
2026-04-03,601012,11:13:42,16.8100,202,2
2026-04-03,601012,11:13:46,16.8100,222,2
2026-04-03,601012,11:13:49,16.8100,257,2
2026-04-03,601012,11:13:51,16.8100,277,2
2026-04-03,601012,11:13:55,16.8100,235,2
2026-04-03,601012,11:13:58,16.8100,152,2
2026-04-03,601012,11:14:01,16.8100,155,2
2026-04-03,601012,11:14:04,16.8100,220,2
2026-04-03,601012,11:14:07,16.8200,318,1
2026-04-03,601012,11:14:09,16.8100,281,2
2026-04-03,601012,11:14:13,16.8100,651,1
2026-04-03,601012,11:14:16,16.8100,59,1
2026-04-03,601012,11:14:19,16.8000,518,2
2026-04-03,601012,11:14:22,16.8100,274,1
2026-04-03,601012,11:14:25,16.8100,175,1
2026-04-03,601012,11:14:28,16.8100,104,1
2026-04-03,601012,11:14:31,16.8100,169,1
2026-04-03,601012,11:14:34,16.8100,233,1
2026-04-03,601012,11:14:37,16.8000,269,2
2026-04-03,601012,11:14:40,16.8000,578,2
2026-04-03,601012,11:14:43,16.8000,1332,2
2026-04-03,601012,11:14:46,16.8000,1570,2
2026-04-03,601012,11:14:49,16.8000,4054,2
2026-04-03,601012,11:14:52,16.8000,6517,2
2026-04-03,601012,11:14:55,16.8000,3762,2
2026-04-03,601012,11:14:58,16.8000,2191,2
2026-04-03,601012,11:15:01,16.7900,2299,2
2026-04-03,601012,11:15:04,16.7900,2222,1
2026-04-03,601012,11:15:07,16.7800,406,2
2026-04-03,601012,11:15:10,16.7900,944,1
2026-04-03,601012,11:15:12,16.7800,660,2
2026-04-03,601012,11:15:16,16.7800,402,2
2026-04-03,601012,11:15:19,16.7800,788,2
2026-04-03,601012,11:15:22,16.7700,1131,2
2026-04-03,601012,11:15:24,16.7800,693,1
2026-04-03,601012,11:15:28,16.7800,659,1
2026-04-03,601012,11:15:31,16.7700,1076,2
2026-04-03,601012,11:15:34,16.7700,349,2
2026-04-03,601012,11:15:37,16.7600,105,2
2026-04-03,601012,11:15:40,16.7700,1533,1
2026-04-03,601012,11:15:43,16.7600,274,2
2026-04-03,601012,11:15:46,16.7600,534,2
2026-04-03,601012,11:15:49,16.7600,141,1
2026-04-03,601012,11:15:52,16.7500,575,2
2026-04-03,601012,11:15:55,16.7500,312,2
2026-04-03,601012,11:15:58,16.7500,940,2
2026-04-03,601012,11:16:01,16.7600,508,1
2026-04-03,601012,11:16:04,16.7500,456,2
2026-04-03,601012,11:16:07,16.7500,399,2
2026-04-03,601012,11:16:10,16.7500,796,2
2026-04-03,601012,11:16:13,16.7500,647,2
2026-04-03,601012,11:16:16,16.7500,757,2
2026-04-03,601012,11:16:19,16.7400,129,2
2026-04-03,601012,11:16:22,16.7400,494,2
2026-04-03,601012,11:16:25,16.7300,129,2
2026-04-03,601012,11:16:28,16.7300,379,2
2026-04-03,601012,11:16:30,16.7400,726,1
2026-04-03,601012,11:16:34,16.7300,162,2
2026-04-03,601012,11:16:37,16.7300,88,1
2026-04-03,601012,11:16:40,16.7300,296,1
2026-04-03,601012,11:16:43,16.7300,312,1
2026-04-03,601012,11:16:46,16.7200,241,2
2026-04-03,601012,11:16:49,16.7300,569,1
2026-04-03,601012,11:16:52,16.7200,737,2
2026-04-03,601012,11:16:55,16.7500,4147,1
2026-04-03,601012,11:16:57,16.7500,175,2
2026-04-03,601012,11:17:01,16.7600,357,1
2026-04-03,601012,11:17:04,16.7500,114,2
2026-04-03,601012,11:17:06,16.7400,98,2
2026-04-03,601012,11:17:10,16.7500,79,1
2026-04-03,601012,11:17:13,16.7400,230,2
2026-04-03,601012,11:17:16,16.7500,409,1
2026-04-03,601012,11:17:19,16.7400,337,2
2026-04-03,601012,11:17:22,16.7500,1360,1
2026-04-03,601012,11:17:25,16.7500,87,2
2026-04-03,601012,11:17:28,16.7600,518,1
2026-04-03,601012,11:17:31,16.7600,280,1
2026-04-03,601012,11:17:34,16.7600,215,1
2026-04-03,601012,11:17:37,16.7500,360,2
2026-04-03,601012,11:17:40,16.7600,1328,1
2026-04-03,601012,11:17:42,16.7500,146,2
2026-04-03,601012,11:17:46,16.7600,127,1
2026-04-03,601012,11:17:49,16.7600,456,1
2026-04-03,601012,11:17:51,16.7600,152,1
2026-04-03,601012,11:17:55,16.7600,99,1
2026-04-03,601012,11:17:58,16.7600,276,1
2026-04-03,601012,11:18:01,16.7500,201,2
2026-04-03,601012,11:18:04,16.7500,147,2
2026-04-03,601012,11:18:06,16.7500,121,1
2026-04-03,601012,11:18:10,16.7500,211,1
2026-04-03,601012,11:18:13,16.7600,334,1
2026-04-03,601012,11:18:16,16.7600,631,1
2026-04-03,601012,11:18:19,16.7500,218,2
2026-04-03,601012,11:18:22,16.7500,847,1
2026-04-03,601012,11:18:25,16.7500,277,2
2026-04-03,601012,11:18:28,16.7600,89,1
2026-04-03,601012,11:18:31,16.7700,81,1
2026-04-03,601012,11:18:34,16.7600,918,2
2026-04-03,601012,11:18:37,16.7500,122,2
2026-04-03,601012,11:18:40,16.7600,145,1
2026-04-03,601012,11:18:43,16.7600,58,1
2026-04-03,601012,11:18:45,16.7600,391,1
2026-04-03,601012,11:18:49,16.7600,175,1
2026-04-03,601012,11:18:52,16.7600,2940,1
2026-04-03,601012,11:18:55,16.7700,211,1
2026-04-03,601012,11:18:58,16.7500,397,2
2026-04-03,601012,11:19:01,16.7600,227,2
2026-04-03,601012,11:19:03,16.7600,180,1
2026-04-03,601012,11:19:07,16.7500,383,2
2026-04-03,601012,11:19:10,16.7600,550,1
2026-04-03,601012,11:19:13,16.7600,326,1
2026-04-03,601012,11:19:16,16.7700,233,1
2026-04-03,601012,11:19:18,16.7700,85,1
2026-04-03,601012,11:19:22,16.7600,288,4
2026-04-03,601012,11:19:25,16.7700,305,1
2026-04-03,601012,11:19:27,16.7600,106,2
2026-04-03,601012,11:19:31,16.7600,333,2
2026-04-03,601012,11:19:34,16.7600,967,1
2026-04-03,601012,11:19:37,16.7700,64,4
2026-04-03,601012,11:19:40,16.7800,14,1
2026-04-03,601012,11:19:43,16.7700,63,2
2026-04-03,601012,11:19:45,16.7700,163,2
2026-04-03,601012,11:19:49,16.7800,210,1
2026-04-03,601012,11:19:52,16.7800,242,1
2026-04-03,601012,11:19:55,16.7700,75,2
