date,code,time,price,volume,bs
2026-03-02,600519,14:02:23,1441.1000,13,2
2026-03-02,600519,14:02:26,1440.8800,8,2
2026-03-02,600519,14:02:29,1440.2000,3,2
2026-03-02,600519,14:02:32,1440.1600,2,2
2026-03-02,600519,14:02:35,1440.1600,3,2
2026-03-02,600519,14:02:38,1440.0000,7,2
2026-03-02,600519,14:02:41,1439.9800,5,2
2026-03-02,600519,14:02:44,1439.9600,2,2
2026-03-02,600519,14:02:47,1439.9000,8,2
2026-03-02,600519,14:02:50,1439.7200,5,2
2026-03-02,600519,14:02:53,1439.6100,8,2
2026-03-02,600519,14:02:56,1439.6100,1,2
2026-03-02,600519,14:02:59,1439.6500,2,2
2026-03-02,600519,14:03:05,1439.9900,7,2
2026-03-02,600519,14:03:08,1439.9900,1,1
2026-03-02,600519,14:03:11,1439.6500,6,2
2026-03-02,600519,14:03:14,1439.9900,1,1
2026-03-02,600519,14:03:17,1439.6400,5,2
2026-03-02,600519,14:03:20,1439.6600,2,2
2026-03-02,600519,14:03:23,1440.0000,10,1
2026-03-02,600519,14:03:26,1440.0000,8,2
2026-03-02,600519,14:03:29,1440.0200,1,1
2026-03-02,600519,14:03:32,1440.0300,3,1
2026-03-02,600519,14:03:35,1440.0900,21,1
2026-03-02,600519,14:03:38,1440.0900,3,2
2026-03-02,600519,14:03:44,1440.1000,1,2
2026-03-02,600519,14:03:50,1440.6899,1,1
2026-03-02,600519,14:03:53,1440.1000,2,2
2026-03-02,600519,14:03:59,1440.1000,1,2
2026-03-02,600519,14:04:05,1440.1100,4,2
2026-03-02,600519,14:04:08,1440.6200,6,1
2026-03-02,600519,14:04:11,1440.1100,4,2
2026-03-02,600519,14:04:14,1440.1400,1,2
2026-03-02,600519,14:04:17,1440.1400,8,2
2026-03-02,600519,14:04:20,1440.5000,2,1
2026-03-02,600519,14:04:23,1440.4900,4,1
2026-03-02,600519,14:04:26,1440.3199,1,2
2026-03-02,600519,14:04:29,1440.4900,1,1
2026-03-02,600519,14:04:32,1440.3600,1,2
2026-03-02,600519,14:04:38,1440.3700,5,2
2026-03-02,600519,14:04:41,1440.4500,1,1
2026-03-02,600519,14:04:47,1440.4301,4,2
2026-03-02,600519,14:04:50,1440.4800,1,1
2026-03-02,600519,14:04:53,1440.4301,4,2
2026-03-02,600519,14:04:56,1440.4800,1,1
2026-03-02,600519,14:05:02,1440.4399,5,2
2026-03-02,600519,14:05:05,1440.5000,3,1
2026-03-02,600519,14:05:08,1440.6100,6,1
2026-03-02,600519,14:05:11,1440.6801,2,1
2026-03-02,600519,14:05:14,1440.8800,8,1
2026-03-02,600519,14:05:17,1440.9800,12,1
2026-03-02,600519,14:05:20,1440.9900,2,1
2026-03-02,600519,14:05:23,1440.9900,2,1
2026-03-02,600519,14:05:29,1440.9200,3,2
2026-03-02,600519,14:05:32,1440.9700,1,1
2026-03-02,600519,14:05:35,1440.9200,1,2
2026-03-02,600519,14:05:44,1440.9700,1,2
2026-03-02,600519,14:05:47,1440.9301,7,2
2026-03-02,600519,14:05:50,1440.9500,2,2
2026-03-02,600519,14:05:53,1440.9700,1,2
2026-03-02,600519,14:05:56,1440.9700,2,2
2026-03-02,600519,14:05:59,1440.9700,2,2
2026-03-02,600519,14:06:02,1440.9800,2,1
2026-03-02,600519,14:06:05,1440.9700,12,2
2026-03-02,600519,14:06:08,1440.9700,6,2
2026-03-02,600519,14:06:11,1440.9700,10,2
2026-03-02,600519,14:06:14,1440.8700,10,2
2026-03-02,600519,14:06:17,1440.8101,2,2
2026-03-02,600519,14:06:20,1440.6899,4,2
2026-03-02,600519,14:06:23,1440.7400,1,2
2026-03-02,600519,14:06:26,1440.6801,2,2
2026-03-02,600519,14:06:29,1440.6200,8,2
2026-03-02,600519,14:06:32,1440.5200,9,2
2026-03-02,600519,14:06:35,1440.1000,4,2
2026-03-02,600519,14:06:41,1440.4900,6,1
2026-03-02,600519,14:06:44,1440.1000,6,2
2026-03-02,600519,14:06:47,1440.0900,3,2
2026-03-02,600519,14:06:50,1440.0200,1,2
2026-03-02,600519,14:06:53,1440.0200,1,2
2026-03-02,600519,14:06:56,1440.0000,2,2
2026-03-02,600519,14:06:59,1440.0000,7,2
2026-03-02,600519,14:07:02,1439.9900,6,1
2026-03-02,600519,14:07:05,1440.0000,5,1
2026-03-02,600519,14:07:08,1439.9900,1,1
2026-03-02,600519,14:07:11,1439.9200,1,2
2026-03-02,600519,14:07:14,1439.9800,4,1
2026-03-02,600519,14:07:17,1439.9700,6,1
2026-03-02,600519,14:07:20,1439.9200,2,2
2026-03-02,600519,14:07:23,1439.9700,7,1
2026-03-02,600519,14:07:26,1439.9000,5,2
2026-03-02,600519,14:07:29,1439.9200,1,1
2026-03-02,600519,14:07:35,1440.0000,8,1
2026-03-02,600519,14:07:38,1439.9600,3,4
2026-03-02,600519,14:07:41,1440.0100,6,2
2026-03-02,600519,14:07:44,1440.4800,4,1
2026-03-02,600519,14:07:47,1440.7300,5,1
2026-03-02,600519,14:07:53,1440.0699,4,2
2026-03-02,600519,14:07:56,1440.6300,75,1
2026-03-02,600519,14:07:59,1440.6300,3,1
2026-03-02,600519,14:08:02,1440.6200,11,1
2026-03-02,600519,14:08:05,1440.0699,10,1
2026-03-02,600519,14:08:08,1440.0300,4,2
2026-03-02,600519,14:08:11,1440.0300,2,2
2026-03-02,600519,14:08:14,1440.0300,5,2
2026-03-02,600519,14:08:17,1440.0400,4,1
2026-03-02,600519,14:08:20,1440.0200,19,2
2026-03-02,600519,14:08:23,1440.0300,5,2
2026-03-02,600519,14:08:26,1440.0200,6,2
2026-03-02,600519,14:08:29,1440.0200,2,1
2026-03-02,600519,14:08:32,1439.9600,6,2
2026-03-02,600519,14:08:35,1439.9200,13,2
2026-03-02,600519,14:08:38,1439.9200,7,2
2026-03-02,600519,14:08:41,1439.9301,2,1
2026-03-02,600519,14:08:44,1439.9301,4,1
2026-03-02,600519,14:08:50,1439.9301,3,1
2026-03-02,600519,14:08:53,1439.9399,22,1
2026-03-02,600519,14:08:56,1440.0601,14,1
2026-03-02,600519,14:08:59,1440.2700,4,1
2026-03-02,600519,14:09:11,1440.5601,6,1
2026-03-02,600519,14:09:17,1440.3199,3,2
2026-03-02,600519,14:09:20,1440.4700,6,1
2026-03-02,600519,14:09:23,1440.2800,1,2
2026-03-02,600519,14:09:26,1440.2700,1,2
2026-03-02,600519,14:09:29,1440.2700,5,2
2026-03-02,600519,14:09:32,1440.3500,1,1
2026-03-02,600519,14:09:35,1440.3400,3,1
2026-03-02,600519,14:09:38,1440.2900,16,2
2026-03-02,600519,14:09:41,1440.2600,1,2
2026-03-02,600519,14:09:44,1440.2500,2,2
2026-03-02,600519,14:09:47,1440.2500,6,2
2026-03-02,600519,14:09:50,1440.2100,1,2
2026-03-02,600519,14:09:53,1440.1899,1,2
2026-03-02,600519,14:09:56,1440.1801,6,2
2026-03-02,600519,14:09:59,1440.0200,16,2
2026-03-02,600519,14:10:02,1439.6600,18,2
2026-03-02,600519,14:10:05,1439.5000,15,2
2026-03-02,600519,14:10:08,1439.2000,7,2
2026-03-02,600519,14:10:11,1439.1600,4,2
2026-03-02,600519,14:10:14,1439.2000,3,1
2026-03-02,600519,14:10:17,1439.2000,5,1
2026-03-02,600519,14:10:20,1439.2000,14,1
2026-03-02,600519,14:10:23,1439.1899,5,2
2026-03-02,600519,14:10:26,1439.1600,8,2
2026-03-02,600519,14:10:29,1439.1600,1,1
2026-03-02,600519,14:10:32,1439.2000,3,1
2026-03-02,600519,14:10:35,1439.1500,3,2
2026-03-02,600519,14:10:38,1439.5900,1,1
2026-03-02,600519,14:10:47,1439.1899,1,2
2026-03-02,600519,14:10:53,1439.1899,5,2
2026-03-02,600519,14:10:56,1439.2000,1,2
2026-03-02,600519,14:11:02,1439.6000,10,1
2026-03-02,600519,14:11:05,1439.5900,6,1
2026-03-02,600519,14:11:11,1439.2800,2,2
2026-03-02,600519,14:11:17,1439.6801,9,1
2026-03-02,600519,14:11:20,1439.8700,4,2
2026-03-02,600519,14:11:26,1439.9600,6,1
2026-03-02,600519,14:11:29,1439.9500,2,1
2026-03-02,600519,14:11:32,1439.8800,4,2
2026-03-02,600519,14:11:35,1439.9500,7,1
2026-03-02,600519,14:11:38,1439.9600,1,1
2026-03-02,600519,14:11:44,1440.0500,16,1
2026-03-02,600519,14:11:47,1439.9800,2,2
2026-03-02,600519,14:11:53,1440.1600,1,1
2026-03-02,600519,14:12:02,1440.1200,4,1
2026-03-02,600519,14:12:05,1440.1801,5,1
2026-03-02,600519,14:12:08,1440.1300,5,2
2026-03-02,600519,14:12:11,1440.1000,2,2
2026-03-02,600519,14:12:14,1440.0699,8,2
2026-03-02,600519,14:12:17,1440.0500,4,2
2026-03-02,600519,14:12:20,1440.0699,1,2
2026-03-02,600519,14:12:23,1440.0699,2,2
2026-03-02,600519,14:12:26,1440.0800,2,1
2026-03-02,600519,14:12:29,1440.0699,7,1
2026-03-02,600519,14:12:32,1440.0601,4,4
2026-03-02,600519,14:12:35,1440.0500,1,2
2026-03-02,600519,14:12:38,1440.0000,15,2
2026-03-02,600519,14:12:41,1440.0699,3,1
2026-03-02,600519,14:12:50,1440.0500,3,2
2026-03-02,600519,14:12:53,1440.0601,2,4
2026-03-02,600519,14:12:56,1440.0500,1,2
2026-03-02,600519,14:12:59,1440.0300,1,4
2026-03-02,600519,14:13:02,1439.9900,7,2
2026-03-02,600519,14:13:05,1439.9500,7,2
2026-03-02,600519,14:13:08,1439.7500,4,2
2026-03-02,600519,14:13:11,1439.3199,2,2
2026-03-02,600519,14:13:14,1439.8700,3,1
2026-03-02,600519,14:13:17,1439.8900,11,1
2026-03-02,600519,14:13:20,1439.6400,1,1
2026-03-02,600519,14:13:23,1439.9500,1,1
2026-03-02,600519,14:13:29,1439.6700,7,2
2026-03-02,600519,14:13:32,1439.8000,1,1
2026-03-02,600519,14:13:35,1440.0000,42,1
2026-03-02,600519,14:13:38,1440.0000,4,2
2026-03-02,600519,14:13:41,1440.0000,5,2
2026-03-02,600519,14:13:47,1440.0000,8,2
2026-03-02,600519,14:13:50,1439.8000,2,2
2026-03-02,600519,14:13:53,1439.8199,5,2
2026-03-02,600519,14:13:56,1439.8000,3,2
2026-03-02,600519,14:13:59,1439.8101,1,2
2026-03-02,600519,14:14:02,1440.0300,16,1
2026-03-02,600519,14:14:05,1439.9900,3,2
2026-03-02,600519,14:14:08,1439.8500,1,2
2026-03-02,600519,14:14:11,1439.8500,4,2
2026-03-02,600519,14:14:14,1440.0100,1,1
2026-03-02,600519,14:14:17,1440.0900,5,1
2026-03-02,600519,14:14:20,1440.0800,2,2
2026-03-02,600519,14:14:23,1439.9100,2,2
2026-03-02,600519,14:14:26,1439.9200,1,2
2026-03-02,600519,14:14:29,1439.8700,4,2
2026-03-02,600519,14:14:32,1439.9200,1,2
2026-03-02,600519,14:14:35,1439.8700,3,2
2026-03-02,600519,14:14:38,1439.8600,1,2
2026-03-02,600519,14:14:41,1439.8600,3,2
2026-03-02,600519,14:14:44,1439.8600,2,2
2026-03-02,600519,14:14:47,1439.8600,1,2
2026-03-02,600519,14:14:50,1439.8600,2,2
2026-03-02,600519,14:14:56,1439.8600,1,2
2026-03-02,600519,14:15:02,1439.8700,2,1
2026-03-02,600519,14:15:05,1439.8600,2,2
2026-03-02,600519,14:15:14,1439.8600,4,2
2026-03-02,600519,14:15:17,1439.8600,2,2
2026-03-02,600519,14:15:23,1439.8600,1,1
2026-03-02,600519,14:15:26,1439.8000,5,2
2026-03-02,600519,14:15:29,1439.8199,3,2
2026-03-02,600519,14:15:32,1439.8000,2,2
2026-03-02,600519,14:15:35,1439.7900,1,1
2026-03-02,600519,14:15:41,1439.7800,2,1
2026-03-02,600519,14:15:44,1439.7800,2,1
2026-03-02,600519,14:15:47,1439.8000,4,1
2026-03-02,600519,14:15:50,1439.8000,4,1
2026-03-02,600519,14:15:53,1439.8000,11,2
2026-03-02,600519,14:15:56,1439.8101,1,2
2026-03-02,600519,14:15:59,1439.8000,5,2
2026-03-02,600519,14:16:02,1439.8000,2,2
2026-03-02,600519,14:16:05,1439.8101,4,1
2026-03-02,600519,14:16:11,1439.8000,6,2
2026-03-02,600519,14:16:14,1439.8500,5,1
2026-03-02,600519,14:16:17,1439.8500,5,2
2026-03-02,600519,14:16:20,1439.8600,2,1
2026-03-02,600519,14:16:23,1439.8500,3,2
2026-03-02,600519,14:16:26,1439.8600,1,1
2026-03-02,600519,14:16:29,1439.8500,8,2
2026-03-02,600519,14:16:32,1439.8600,4,1
2026-03-02,600519,14:16:35,1439.8500,4,2
2026-03-02,600519,14:16:38,1439.8500,3,1
2026-03-02,600519,14:16:44,1439.8199,4,2
2026-03-02,600519,14:16:47,1439.8101,20,2
2026-03-02,600519,14:16:50,1439.8199,4,1
2026-03-02,600519,14:16:53,1439.8400,2,1
2026-03-02,600519,14:16:56,1439.8300,2,4
2026-03-02,600519,14:16:59,1439.8300,1,1
2026-03-02,600519,14:17:02,1439.8000,1,2
2026-03-02,600519,14:17:05,1439.8000,3,2
2026-03-02,600519,14:17:11,1439.8300,6,1
2026-03-02,600519,14:17:14,1439.8101,5,2
2026-03-02,600519,14:17:17,1439.8300,1,1
2026-03-02,600519,14:17:20,1439.7900,10,2
2026-03-02,600519,14:17:23,1439.7900,7,2
2026-03-02,600519,14:17:26,1439.7800,2,2
2026-03-02,600519,14:17:29,1439.7500,5,2
2026-03-02,600519,14:17:32,1439.7000,15,2
2026-03-02,600519,14:17:35,1439.6500,2,2
2026-03-02,600519,14:17:38,1439.6100,2,2
2026-03-02,600519,14:17:47,1439.3600,2,2
2026-03-02,600519,14:17:53,1439.3700,2,2
2026-03-02,600519,14:17:56,1439.5601,6,1
2026-03-02,600519,14:18:02,1439.3500,2,2
2026-03-02,600519,14:18:05,1439.3500,2,2
2026-03-02,600519,14:18:08,1439.3600,1,1
2026-03-02,600519,14:18:11,1439.3500,2,2
2026-03-02,600519,14:18:14,1439.3600,2,1
2026-03-02,600519,14:18:17,1439.3500,5,2
2026-03-02,600519,14:18:20,1439.3600,1,1
2026-03-02,600519,14:18:23,1439.3600,4,1
2026-03-02,600519,14:18:26,1439.3600,3,1
2026-03-02,600519,14:18:29,1439.3500,3,2
2026-03-02,600519,14:18:32,1439.3500,1,2
2026-03-02,600519,14:18:35,1439.3600,7,1
2026-03-02,600519,14:18:38,1439.3700,3,1
2026-03-02,600519,14:18:41,1439.3600,1,4
2026-03-02,600519,14:18:47,1439.3600,2,2
2026-03-02,600519,14:18:50,1439.3600,3,2
2026-03-02,600519,14:18:53,1439.3700,6,1
2026-03-02,600519,14:18:56,1439.3500,1,2
2026-03-02,600519,14:18:59,1439.3600,1,1
2026-03-02,600519,14:19:02,1439.3400,6,2
2026-03-02,600519,14:19:05,1439.3300,2,2
2026-03-02,600519,14:19:08,1439.2700,3,2
2026-03-02,600519,14:19:11,1439.2700,5,1
2026-03-02,600519,14:19:14,1439.2700,1,1
2026-03-02,600519,14:19:17,1439.2200,6,2
2026-03-02,600519,14:19:23,1439.2200,2,2
2026-03-02,600519,14:19:26,1439.3600,15,1
2026-03-02,600519,14:19:29,1439.3600,1,2
2026-03-02,600519,14:19:32,1439.3600,1,2
2026-03-02,600519,14:19:35,1439.3600,3,2
2026-03-02,600519,14:19:38,1439.3600,1,2
2026-03-02,600519,14:19:41,1439.3600,7,2
2026-03-02,600519,14:19:44,1439.3600,2,1
2026-03-02,600519,14:19:47,1439.2600,4,2
2026-03-02,600519,14:19:50,1439.2300,4,2
2026-03-02,600519,14:19:53,1439.2200,4,2
2026-03-02,600519,14:19:56,1439.3199,3,1
2026-03-02,600519,14:19:59,1439.3000,16,1
2026-03-02,600519,14:20:02,1439.3700,3,1
2026-03-02,600519,14:20:05,1439.3199,2,2
2026-03-02,600519,14:20:08,1439.3600,2,1
2026-03-02,600519,14:20:11,1439.3900,7,1
2026-03-02,600519,14:20:14,1439.4000,2,1
2026-03-02,600519,14:20:17,1439.3900,2,1
2026-03-02,600519,14:20:20,1439.4600,3,1
2026-03-02,600519,14:20:23,1439.2800,4,2
2026-03-02,600519,14:20:26,1439.2500,5,2
2026-03-02,600519,14:20:29,1439.2400,4,2
2026-03-02,600519,14:20:35,1439.2600,3,1
2026-03-02,600519,14:20:38,1439.2700,6,1
2026-03-02,600519,14:20:41,1439.2800,10,1
2026-03-02,600519,14:20:44,1439.2500,10,2
2026-03-02,600519,14:20:47,1439.2600,3,2
2026-03-02,600519,14:20:50,1439.2400,12,2
2026-03-02,600519,14:20:53,1439.2500,1,1
2026-03-02,600519,14:20:56,1439.5200,3,2
2026-03-02,600519,14:20:59,1439.2900,6,2
2026-03-02,600519,14:21:02,1439.5800,3,1
2026-03-02,600519,14:21:05,1439.5500,1,1
2026-03-02,600519,14:21:08,1439.5100,7,2
2026-03-02,600519,14:21:11,1439.2600,8,2
2026-03-02,600519,14:21:14,1439.5500,6,1
2026-03-02,600519,14:21:17,1439.2600,4,2
2026-03-02,600519,14:21:20,1439.2600,4,2
2026-03-02,600519,14:21:29,1439.5699,1,1
2026-03-02,600519,14:21:35,1439.3000,3,2
2026-03-02,600519,14:21:38,1439.7000,11,1
2026-03-02,600519,14:21:41,1439.7000,10,1
2026-03-02,600519,14:21:44,1439.5000,5,2
2026-03-02,600519,14:21:47,1439.5699,4,1
2026-03-02,600519,14:21:50,1439.7700,23,1
2026-03-02,600519,14:21:53,1439.7800,7,4
2026-03-02,600519,14:21:56,1439.7900,2,4
2026-03-02,600519,14:21:59,1439.7800,5,2
2026-03-02,600519,14:22:02,1439.7800,4,2
2026-03-02,600519,14:22:05,1439.8000,5,1
2026-03-02,600519,14:22:08,1439.8000,3,1
2026-03-02,600519,14:22:11,1439.8300,2,1
2026-03-02,600519,14:22:14,1439.8000,23,2
2026-03-02,600519,14:22:17,1440.0000,2,1
2026-03-02,600519,14:22:20,1440.0000,4,1
2026-03-02,600519,14:22:23,1439.8600,3,2
2026-03-02,600519,14:22:26,1439.8600,1,2
2026-03-02,600519,14:22:32,1439.9900,1,1
2026-03-02,600519,14:22:35,1439.8400,8,2
2026-03-02,600519,14:22:41,1439.8500,6,2
2026-03-02,600519,14:22:44,1439.8500,2,2
2026-03-02,600519,14:22:47,1439.8600,3,2
2026-03-02,600519,14:22:50,1439.8600,3,2
2026-03-02,600519,14:22:53,1439.8500,6,2
2026-03-02,600519,14:22:59,1439.8400,6,2
2026-03-02,600519,14:23:02,1439.8400,1,1
2026-03-02,600519,14:23:05,1439.7400,18,2
2026-03-02,600519,14:23:08,1439.5699,19,2
2026-03-02,600519,14:23:11,1439.4500,2,2
2026-03-02,600519,14:23:14,1439.4700,5,1
2026-03-02,600519,14:23:17,1439.3199,1,2
2026-03-02,600519,14:23:23,1439.3300,1,2
2026-03-02,600519,14:23:26,1439.4700,8,1
2026-03-02,600519,14:23:29,1439.4600,3,2
2026-03-02,600519,14:23:32,1439.4600,7,1
2026-03-02,600519,14:23:38,1439.3600,1,2
2026-03-02,600519,14:23:41,1439.3400,2,2
2026-03-02,600519,14:23:44,1439.4000,6,2
2026-03-02,600519,14:23:50,1439.3500,4,2
2026-03-02,600519,14:23:56,1439.4200,1,2
2026-03-02,600519,14:23:59,1439.4100,3,2
2026-03-02,600519,14:24:02,1439.5200,3,1
2026-03-02,600519,14:24:05,1439.5100,3,1
2026-03-02,600519,14:24:11,1439.5000,6,1
2026-03-02,600519,14:24:14,1439.5000,4,1
2026-03-02,600519,14:24:17,1439.5100,5,1
2026-03-02,600519,14:24:20,1439.5000,6,2
2026-03-02,600519,14:24:23,1439.5000,2,2
2026-03-02,600519,14:24:26,1439.4000,4,2
2026-03-02,600519,14:24:32,1439.4900,1,1
2026-03-02,600519,14:24:38,1439.4800,1,1
2026-03-02,600519,14:24:41,1439.4399,2,2
2026-03-02,600519,14:24:47,1439.4700,12,1
2026-03-02,600519,14:24:50,1439.5000,15,1
2026-03-02,600519,14:24:53,1439.5601,8,1
2026-03-02,600519,14:24:56,1439.5400,3,1
2026-03-02,600519,14:24:59,1439.5200,4,2
2026-03-02,600519,14:25:02,1439.5601,2,1
2026-03-02,600519,14:25:05,1439.5601,5,1
2026-03-02,600519,14:25:08,1439.5699,5,2
2026-03-02,600519,14:25:11,1439.5400,8,2
2026-03-02,600519,14:25:14,1439.5800,8,1
2026-03-02,600519,14:25:17,1439.5200,5,2
2026-03-02,600519,14:25:20,1439.5400,2,2
2026-03-02,600519,14:25:23,1439.5699,1,1
2026-03-02,600519,14:25:26,1439.5601,2,1
2026-03-02,600519,14:25:29,1439.6000,4,1
2026-03-02,600519,14:25:32,1439.6000,2,1
2026-03-02,600519,14:25:35,1439.5500,2,2
2026-03-02,600519,14:25:38,1439.5500,1,2
2026-03-02,600519,14:25:41,1439.5500,5,2
2026-03-02,600519,14:25:47,1439.5200,14,2
2026-03-02,600519,14:25:50,1439.5100,3,2
2026-03-02,600519,14:25:53,1439.5000,7,2
2026-03-02,600519,14:25:56,1439.5100,3,1
2026-03-02,600519,14:25:59,1439.5000,1,2
2026-03-02,600519,14:26:02,1439.5100,21,1
2026-03-02,600519,14:26:05,1439.5300,43,1
2026-03-02,600519,14:26:08,1439.4900,5,1
2026-03-02,600519,14:26:14,1439.4900,1,1
2026-03-02,600519,14:26:20,1439.6200,8,1
2026-03-02,600519,14:26:23,1439.6400,2,1
2026-03-02,600519,14:26:26,1439.5200,2,2
2026-03-02,600519,14:26:29,1439.6200,1,2
2026-03-02,600519,14:26:32,1439.6200,9,2
2026-03-02,600519,14:26:38,1439.6200,3,1
2026-03-02,600519,14:26:41,1439.6200,4,1
2026-03-02,600519,14:26:44,1439.5100,5,2
2026-03-02,600519,14:26:47,1439.5100,5,2
2026-03-02,600519,14:26:50,1439.5200,7,2
2026-03-02,600519,14:26:53,1439.6100,2,1
2026-03-02,600519,14:26:56,1439.5200,4,2
2026-03-02,600519,14:27:02,1439.6200,3,1
2026-03-02,600519,14:27:05,1439.5200,2,2
2026-03-02,600519,14:27:08,1439.5100,4,2
2026-03-02,600519,14:27:11,1439.5200,3,1
2026-03-02,600519,14:27:14,1439.5100,5,2
2026-03-02,600519,14:27:17,1439.5200,2,1
2026-03-02,600519,14:27:20,1439.5200,2,1
2026-03-02,600519,14:27:23,1439.5100,4,2
2026-03-02,600519,14:27:32,1439.5100,4,2
2026-03-02,600519,14:27:35,1439.5100,4,2
2026-03-02,600519,14:27:38,1439.5000,2,2
2026-03-02,600519,14:27:41,1439.4900,4,2
2026-03-02,600519,14:27:47,1439.4800,4,2
2026-03-02,600519,14:27:53,1439.5100,1,1
2026-03-02,600519,14:27:56,1439.4900,3,2
2026-03-02,600519,14:27:59,1439.4900,1,1
2026-03-02,600519,14:28:02,1439.4800,5,1
2026-03-02,600519,14:28:05,1439.4800,2,1
2026-03-02,600519,14:28:11,1439.4700,5,1
2026-03-02,600519,14:28:14,1439.4500,8,2
2026-03-02,600519,14:28:17,1439.4500,2,2
2026-03-02,600519,14:28:20,1439.4500,3,2
2026-03-02,600519,14:28:23,1439.4600,7,1
2026-03-02,600519,14:28:26,1439.4800,7,1
2026-03-02,600519,14:28:29,1439.5100,9,1
2026-03-02,600519,14:28:32,1439.5000,8,2
2026-03-02,600519,14:28:35,1439.5800,2,1
2026-03-02,600519,14:28:38,1439.4600,3,2
2026-03-02,600519,14:28:41,1439.4800,5,2
2026-03-02,600519,14:28:44,1439.4700,2,2
2026-03-02,600519,14:28:47,1439.4700,3,2
2026-03-02,600519,14:28:50,1439.4500,4,2
2026-03-02,600519,14:28:53,1439.4700,7,1
2026-03-02,600519,14:28:56,1439.4500,3,2
2026-03-02,600519,14:28:59,1439.5000,1,1
2026-03-02,600519,14:29:02,1439.4500,7,2
2026-03-02,600519,14:29:05,1439.4301,2,2
2026-03-02,600519,14:29:08,1439.4301,9,1
2026-03-02,600519,14:29:11,1439.4100,3,2
2026-03-02,600519,14:29:14,1439.4100,1,1
2026-03-02,600519,14:29:17,1439.4100,3,1
2026-03-02,600519,14:29:20,1439.3500,14,2
2026-03-02,600519,14:29:23,1439.3101,7,2
2026-03-02,600519,14:29:26,1439.3000,1,2
2026-03-02,600519,14:29:29,1439.2800,7,2
2026-03-02,600519,14:29:32,1439.2800,3,1
2026-03-02,600519,14:29:35,1439.2700,3,4
2026-03-02,600519,14:29:38,1439.2000,4,2
2026-03-02,600519,14:29:41,1439.2300,3,1
2026-03-02,600519,14:29:44,1439.2000,4,2
2026-03-02,600519,14:29:47,1439.2000,4,2
2026-03-02,600519,14:29:50,1439.2300,3,1
2026-03-02,600519,14:29:53,1439.2000,3,2
2026-03-02,600519,14:29:56,1439.2000,1,2
2026-03-02,600519,14:29:59,1439.2100,1,4
2026-03-02,600519,14:30:02,1439.2000,2,2
2026-03-02,600519,14:30:05,1439.1899,5,2
2026-03-02,600519,14:30:08,1439.1899,5,2
2026-03-02,600519,14:30:11,1439.1899,5,2
2026-03-02,600519,14:30:14,1439.1899,1,2
2026-03-02,600519,14:30:17,1439.1899,65,2
2026-03-02,600519,14:30:20,1438.9800,41,2
2026-03-02,600519,14:30:23,1438.9800,5,2
2026-03-02,600519,14:30:26,1438.9399,5,2
2026-03-02,600519,14:30:29,1438.9000,6,2
2026-03-02,600519,14:30:32,1438.8000,13,2
2026-03-02,600519,14:30:35,1438.8000,1,1
2026-03-02,600519,14:30:38,1438.6899,2,2
2026-03-02,600519,14:30:41,1438.6899,6,2
2026-03-02,600519,14:30:44,1438.6899,4,2
2026-03-02,600519,14:30:47,1438.7100,3,1
2026-03-02,600519,14:30:50,1438.6801,11,2
2026-03-02,600519,14:30:53,1438.7000,1,1
2026-03-02,600519,14:30:56,1438.6801,7,2
2026-03-02,600519,14:30:59,1438.6899,7,1
2026-03-02,600519,14:31:02,1438.6801,19,1
2026-03-02,600519,14:31:05,1438.6899,54,1
2026-03-02,600519,14:31:08,1439.1400,3,1
2026-03-02,600519,14:31:11,1439.0900,3,1
2026-03-02,600519,14:31:14,1439.1400,4,1
2026-03-02,600519,14:31:17,1439.1600,4,1
2026-03-02,600519,14:31:20,1439.2000,5,1
2026-03-02,600519,14:31:23,1439.2600,8,1
2026-03-02,600519,14:31:26,1439.3101,12,1
2026-03-02,600519,14:31:29,1439.3199,3,2
2026-03-02,600519,14:31:32,1439.3199,1,2
2026-03-02,600519,14:31:35,1439.3101,4,2
2026-03-02,600519,14:31:38,1439.3400,5,1
2026-03-02,600519,14:31:41,1439.4700,26,1
2026-03-02,600519,14:31:44,1439.4900,10,1
2026-03-02,600519,14:31:47,1439.4900,10,2
2026-03-02,600519,14:31:50,1439.4900,3,2
2026-03-02,600519,14:31:53,1439.6300,4,1
2026-03-02,600519,14:31:56,1439.6300,2,1
2026-03-02,600519,14:32:05,1439.6100,7,1
2026-03-02,600519,14:32:08,1439.6100,1,1
2026-03-02,600519,14:32:11,1439.6100,1,1
2026-03-02,600519,14:32:14,1439.7100,23,1
2026-03-02,600519,14:32:17,1439.7100,5,2
2026-03-02,600519,14:32:20,1439.7300,3,2
2026-03-02,600519,14:32:23,1439.8500,4,1
2026-03-02,600519,14:32:26,1439.9600,2,1
2026-03-02,600519,14:32:29,1439.9500,3,1
2026-03-02,600519,14:32:32,1439.9600,1,1
2026-03-02,600519,14:32:35,1439.9000,3,2
2026-03-02,600519,14:32:38,1439.9600,4,1
2026-03-02,600519,14:32:47,1439.9500,1,1
2026-03-02,600519,14:32:50,1439.9399,6,1
2026-03-02,600519,14:32:53,1439.9600,12,1
2026-03-02,600519,14:32:56,1439.9600,1,2
2026-03-02,600519,14:33:02,1439.9700,8,1
2026-03-02,600519,14:33:05,1439.9700,2,1
2026-03-02,600519,14:33:08,1439.9600,2,2
2026-03-02,600519,14:33:11,1439.9600,2,2
2026-03-02,600519,14:33:14,1439.9700,3,1
2026-03-02,600519,14:33:17,1439.9600,2,2
2026-03-02,600519,14:33:20,1439.9700,6,1
2026-03-02,600519,14:33:23,1439.9700,2,1
2026-03-02,600519,14:33:26,1439.9700,4,1
2026-03-02,600519,14:33:29,1439.9700,2,1
2026-03-02,600519,14:33:32,1439.9700,4,2
2026-03-02,600519,14:33:38,1440.0601,41,1
2026-03-02,600519,14:33:41,1440.2000,31,1
2026-03-02,600519,14:33:44,1440.2400,10,1
2026-03-02,600519,14:33:47,1440.5000,3,1
2026-03-02,600519,14:33:50,1440.6000,3,1
2026-03-02,600519,14:33:53,1440.6000,7,2
2026-03-02,600519,14:33:56,1440.9500,1,1
2026-03-02,600519,14:33:59,1440.9100,1,1
2026-03-02,600519,14:34:02,1440.6500,11,2
2026-03-02,600519,14:34:05,1440.5300,9,2
2026-03-02,600519,14:34:08,1440.6500,3,1
2026-03-02,600519,14:34:11,1440.6500,1,1
2026-03-02,600519,14:34:14,1440.5300,4,2
2026-03-02,600519,14:34:17,1440.9700,7,1
2026-03-02,600519,14:34:20,1440.9200,1,1
2026-03-02,600519,14:34:26,1440.6000,1,2
2026-03-02,600519,14:34:29,1440.6200,1,2
2026-03-02,600519,14:34:32,1440.9301,2,1
2026-03-02,600519,14:34:35,1440.6500,2,2
2026-03-02,600519,14:34:38,1440.9399,2,1
2026-03-02,600519,14:34:41,1440.9700,2,1
2026-03-02,600519,14:34:44,1440.9900,2,1
2026-03-02,600519,14:34:47,1441.0000,6,1
2026-03-02,600519,14:34:50,1441.4000,11,1
2026-03-02,600519,14:34:56,1441.0800,1,2
2026-03-02,600519,14:34:59,1441.2900,2,1
2026-03-02,600519,14:35:02,1441.1100,4,2
2026-03-02,600519,14:35:05,1441.1000,3,2
2026-03-02,600519,14:35:08,1441.2200,2,1
2026-03-02,600519,14:35:11,1441.3400,4,1
2026-03-02,600519,14:35:14,1441.5000,3,1
2026-03-02,600519,14:35:17,1441.5300,6,1
2026-03-02,600519,14:35:20,1441.2900,9,2
2026-03-02,600519,14:35:23,1441.5300,2,1
2026-03-02,600519,14:35:26,1441.5300,4,1
2026-03-02,600519,14:35:29,1441.5400,2,1
2026-03-02,600519,14:35:32,1441.5300,3,1
2026-03-02,600519,14:35:35,1441.5300,1,1
2026-03-02,600519,14:35:39,1441.5300,3,1
2026-03-02,600519,14:35:41,1441.4800,10,1
2026-03-02,600519,14:35:44,1441.2800,24,2
2026-03-02,600519,14:35:47,1441.1801,3,1
2026-03-02,600519,14:35:50,1440.6899,3,2
2026-03-02,600519,14:35:56,1440.7200,3,2
2026-03-02,600519,14:35:59,1441.0900,1,1
2026-03-02,600519,14:36:05,1440.7300,1,2
2026-03-02,600519,14:36:08,1440.7800,1,2
2026-03-02,600519,14:36:11,1441.0000,5,1
2026-03-02,600519,14:36:14,1440.7700,2,2
2026-03-02,600519,14:36:17,1440.7400,6,2
2026-03-02,600519,14:36:20,1440.7400,3,2
2026-03-02,600519,14:36:23,1440.7300,3,2
2026-03-02,600519,14:36:26,1440.7300,3,1
2026-03-02,600519,14:36:29,1440.6899,3,2
2026-03-02,600519,14:36:32,1440.6700,6,2
2026-03-02,600519,14:36:35,1440.2100,66,2
2026-03-02,600519,14:36:38,1440.5900,5,1
2026-03-02,600519,14:36:44,1440.2100,4,2
2026-03-02,600519,14:36:47,1440.2000,4,2
2026-03-02,600519,14:36:50,1440.2000,11,1
2026-03-02,600519,14:36:53,1440.2300,1,2
2026-03-02,600519,14:36:56,1440.1100,8,2
2026-03-02,600519,14:36:59,1440.6600,1,1
2026-03-02,600519,14:37:02,1440.6600,19,1
2026-03-02,600519,14:37:05,1440.1400,14,2
2026-03-02,600519,14:37:08,1440.1300,7,2
2026-03-02,600519,14:37:11,1440.1400,6,1
2026-03-02,600519,14:37:14,1440.1100,3,2
2026-03-02,600519,14:37:17,1440.6600,9,1
2026-03-02,600519,14:37:20,1440.0900,11,2
2026-03-02,600519,14:37:23,1440.1000,4,2
2026-03-02,600519,14:37:26,1440.1200,8,2
2026-03-02,600519,14:37:29,1440.5400,2,1
2026-03-02,600519,14:37:32,1440.0900,4,2
2026-03-02,600519,14:37:35,1440.1200,2,1
2026-03-02,600519,14:37:38,1440.0100,1,2
2026-03-02,600519,14:37:44,1440.0100,4,2
2026-03-02,600519,14:37:47,1440.0100,3,2
2026-03-02,600519,14:37:50,1440.0300,6,2
2026-03-02,600519,14:37:53,1440.0000,20,2
2026-03-02,600519,14:37:56,1440.1300,20,1
2026-03-02,600519,14:37:59,1440.0000,7,2
2026-03-02,600519,14:38:02,1439.8600,5,2
2026-03-02,600519,14:38:05,1439.3199,10,2
2026-03-02,600519,14:38:08,1439.1899,6,2
2026-03-02,600519,14:38:11,1439.8199,2,1
2026-03-02,600519,14:38:14,1439.8400,4,1
2026-03-02,600519,14:38:17,1439.8199,2,1
2026-03-02,600519,14:38:20,1439.5000,1,2
2026-03-02,600519,14:38:23,1439.5100,2,2
2026-03-02,600519,14:38:26,1439.8101,2,1
2026-03-02,600519,14:38:29,1439.5000,5,2
2026-03-02,600519,14:38:32,1439.5100,2,2
2026-03-02,600519,14:38:35,1439.8199,1,1
2026-03-02,600519,14:38:38,1439.5000,11,2
2026-03-02,600519,14:38:41,1439.4900,5,2
2026-03-02,600519,14:38:44,1439.4000,4,2
2026-03-02,600519,14:38:47,1439.5601,2,1
2026-03-02,600519,14:38:50,1439.4000,2,2
2026-03-02,600519,14:38:53,1439.3400,11,2
2026-03-02,600519,14:38:56,1439.4900,2,1
2026-03-02,600519,14:38:59,1439.5500,10,1
2026-03-02,600519,14:39:02,1439.5500,5,2
2026-03-02,600519,14:39:05,1439.5500,5,2
2026-03-02,600519,14:39:08,1439.4900,13,2
2026-03-02,600519,14:39:11,1439.5000,4,1
2026-03-02,600519,14:39:14,1439.4200,1,2
2026-03-02,600519,14:39:17,1439.5000,1,1
2026-03-02,600519,14:39:20,1439.5000,4,1
2026-03-02,600519,14:39:23,1439.4301,3,2
2026-03-02,600519,14:39:26,1439.3400,5,2
2026-03-02,600519,14:39:29,1439.3900,11,1
2026-03-02,600519,14:39:32,1439.3101,1,1
2026-03-02,600519,14:39:35,1439.2100,3,2
2026-03-02,600519,14:39:38,1439.0200,36,2
2026-03-02,600519,14:39:41,1438.8800,13,2
2026-03-02,600519,14:39:44,1438.6000,7,2
2026-03-02,600519,14:39:47,1438.5800,9,2
2026-03-02,600519,14:39:50,1438.5000,6,2
2026-03-02,600519,14:39:53,1438.3500,7,2
2026-03-02,600519,14:39:56,1438.3400,16,1
2026-03-02,600519,14:39:59,1438.3500,17,1
2026-03-02,600519,14:40:02,1438.0300,17,2
2026-03-02,600519,14:40:05,1438.3400,11,1
2026-03-02,600519,14:40:08,1437.8800,197,2
2026-03-02,600519,14:40:11,1437.7000,3,2
2026-03-02,600519,14:40:14,1438.3500,24,1
2026-03-02,600519,14:40:17,1438.3500,29,2
2026-03-02,600519,14:40:20,1437.6700,8,2
2026-03-02,600519,14:40:23,1437.6700,2,2
2026-03-02,600519,14:40:26,1437.6500,10,2
2026-03-02,600519,14:40:29,1437.6000,14,2
2026-03-02,600519,14:40:32,1437.5000,20,2
2026-03-02,600519,14:40:35,1437.3000,21,2
2026-03-02,600519,14:40:38,1437.4600,11,1
2026-03-02,600519,14:40:41,1437.1000,15,2
2026-03-02,600519,14:40:44,1437.0200,17,2
2026-03-02,600519,14:40:47,1437.0000,20,2
2026-03-02,600519,14:40:50,1437.0000,85,2
2026-03-02,600519,14:40:53,1436.8800,51,2
2026-03-02,600519,14:40:56,1436.8101,13,2
2026-03-02,600519,14:40:59,1436.8101,16,1
2026-03-02,600519,14:41:02,1436.6899,17,2
2026-03-02,600519,14:41:05,1436.6899,32,2
2026-03-02,600519,14:41:08,1436.8101,24,1
2026-03-02,600519,14:41:11,1437.0000,32,1
2026-03-02,600519,14:41:14,1436.8000,16,2
2026-03-02,600519,14:41:17,1437.0000,14,1
2026-03-02,600519,14:41:20,1436.7700,3,2
2026-03-02,600519,14:41:23,1436.8000,5,2
2026-03-02,600519,14:41:26,1436.7600,3,2
2026-03-02,600519,14:41:29,1436.9301,15,1
2026-03-02,600519,14:41:32,1436.8500,4,1
2026-03-02,600519,14:41:35,1436.9800,18,1
2026-03-02,600519,14:41:38,1436.9000,8,1
2026-03-02,600519,14:41:41,1436.7000,8,2
2026-03-02,600519,14:41:44,1436.7100,5,2
2026-03-02,600519,14:41:47,1436.7100,5,2
2026-03-02,600519,14:41:50,1436.7000,9,2
2026-03-02,600519,14:41:53,1436.7300,4,1
2026-03-02,600519,14:41:56,1436.7100,7,2
2026-03-02,600519,14:41:59,1436.7100,15,1
2026-03-02,600519,14:42:02,1436.7100,8,1
2026-03-02,600519,14:42:05,1436.7100,16,1
2026-03-02,600519,14:42:08,1436.7100,14,1
2026-03-02,600519,14:42:11,1436.7200,6,2
2026-03-02,600519,14:42:14,1436.7200,9,2
2026-03-02,600519,14:42:17,1436.7100,4,4
2026-03-02,600519,14:42:20,1436.7200,9,1
2026-03-02,600519,14:42:23,1436.7000,12,2
2026-03-02,600519,14:42:26,1436.7000,11,1
2026-03-02,600519,14:42:29,1436.6899,13,2
2026-03-02,600519,14:42:32,1436.7000,14,1
2026-03-02,600519,14:42:35,1436.7000,4,2
2026-03-02,600519,14:42:38,1436.7000,4,2
2026-03-02,600519,14:42:41,1436.6899,7,2
2026-03-02,600519,14:42:44,1436.7100,18,1
2026-03-02,600519,14:42:47,1436.6899,5,2
2026-03-02,600519,14:42:50,1436.7200,5,1
2026-03-02,600519,14:42:53,1436.7000,3,2
2026-03-02,600519,14:42:56,1436.7100,2,1
2026-03-02,600519,14:42:59,1436.7400,12,1
2026-03-02,600519,14:43:02,1437.1200,14,1
2026-03-02,600519,14:43:05,1438.5601,13,1
2026-03-02,600519,14:43:08,1438.5800,13,1
2026-03-02,600519,14:43:11,1438.5400,3,1
2026-03-02,600519,14:43:14,1437.9200,1,2
2026-03-02,600519,14:43:17,1438.6000,6,1
2026-03-02,600519,14:43:20,1438.0400,5,2
2026-03-02,600519,14:43:23,1438.5300,2,1
2026-03-02,600519,14:43:26,1438.0200,5,2
2026-03-02,600519,14:43:29,1438.5300,1,1
2026-03-02,600519,14:43:32,1438.0000,6,2
2026-03-02,600519,14:43:35,1438.0000,3,2
2026-03-02,600519,14:43:41,1438.0000,3,2
2026-03-02,600519,14:43:44,1438.4900,13,1
2026-03-02,600519,14:43:47,1438.0000,3,2
2026-03-02,600519,14:43:50,1438.0000,9,2
2026-03-02,600519,14:43:53,1438.0100,3,2
2026-03-02,600519,14:43:56,1438.0100,4,2
2026-03-02,600519,14:43:59,1438.1200,3,1
2026-03-02,600519,14:44:02,1438.0200,3,2
2026-03-02,600519,14:44:05,1438.0100,5,2
2026-03-02,600519,14:44:08,1438.0100,6,4
2026-03-02,600519,14:44:11,1438.0200,7,1
2026-03-02,600519,14:44:14,1438.0200,6,2
2026-03-02,600519,14:44:20,1438.3700,10,1
2026-03-02,600519,14:44:23,1438.0300,3,2
2026-03-02,600519,14:44:26,1438.0200,2,2
2026-03-02,600519,14:44:29,1438.0100,6,2
2026-03-02,600519,14:44:32,1438.0200,19,1
2026-03-02,600519,14:44:35,1438.0200,8,2
2026-03-02,600519,14:44:38,1438.5000,13,1
2026-03-02,600519,14:44:41,1438.0400,7,1
2026-03-02,600519,14:44:44,1438.0200,5,2
2026-03-02,600519,14:44:47,1438.0200,14,2
2026-03-02,600519,14:44:50,1438.0200,5,2
2026-03-02,600519,14:44:53,1438.0400,38,1
2026-03-02,600519,14:44:56,1438.0000,8,2
2026-03-02,600519,14:44:59,1438.0000,5,2
2026-03-02,600519,14:45:02,1438.0200,9,1
2026-03-02,600519,14:45:05,1437.5000,23,2
2026-03-02,600519,14:45:08,1437.1801,16,2
2026-03-02,600519,14:45:11,1437.1400,17,2
2026-03-02,600519,14:45:14,1437.1500,3,1
2026-03-02,600519,14:45:17,1437.0100,9,2
2026-03-02,600519,14:45:20,1437.0000,4,2
2026-03-02,600519,14:45:23,1436.9600,3,2
2026-03-02,600519,14:45:26,1436.9600,5,2
2026-03-02,600519,14:45:29,1437.0000,31,1
2026-03-02,600519,14:45:32,1437.0800,25,1
2026-03-02,600519,14:45:35,1437.0000,16,2
2026-03-02,600519,14:45:38,1437.0000,6,1
2026-03-02,600519,14:45:41,1437.0900,10,1
2026-03-02,600519,14:45:44,1437.5000,8,1
2026-03-02,600519,14:45:47,1437.0800,4,2
2026-03-02,600519,14:45:50,1437.1000,5,2
2026-03-02,600519,14:45:53,1437.0699,5,2
2026-03-02,600519,14:45:56,1437.0699,7,1
2026-03-02,600519,14:45:59,1437.0800,6,1
2026-03-02,600519,14:46:02,1437.0800,5,1
2026-03-02,600519,14:46:05,1437.0900,12,1
2026-03-02,600519,14:46:08,1437.1600,7,1
2026-03-02,600519,14:46:11,1437.1600,3,1
2026-03-02,600519,14:46:14,1437.0900,3,2
2026-03-02,600519,14:46:17,1437.1300,5,1
2026-03-02,600519,14:46:20,1437.1000,3,2
2026-03-02,600519,14:46:23,1437.0699,7,2
2026-03-02,600519,14:46:26,1437.0500,4,2
2026-03-02,600519,14:46:29,1437.0699,17,1
2026-03-02,600519,14:46:32,1437.0900,11,1
2026-03-02,600519,14:46:35,1437.1500,8,1
2026-03-02,600519,14:46:38,1437.0800,8,2
2026-03-02,600519,14:46:41,1437.0800,8,4
2026-03-02,600519,14:46:44,1437.1500,10,1
2026-03-02,600519,14:46:47,1437.3500,14,1
2026-03-02,600519,14:46:50,1437.7600,8,1
2026-03-02,600519,14:46:53,1437.7500,12,2
2026-03-02,600519,14:46:56,1437.7300,1,1
2026-03-02,600519,14:46:59,1437.3600,5,2
2026-03-02,600519,14:47:02,1437.7300,4,1
2026-03-02,600519,14:47:05,1437.3800,6,2
2026-03-02,600519,14:47:08,1437.3800,2,2
2026-03-02,600519,14:47:11,1437.3600,5,2
2026-03-02,600519,14:47:14,1437.3600,18,1
2026-03-02,600519,14:47:17,1437.3600,7,1
2026-03-02,600519,14:47:20,1437.3101,12,2
2026-03-02,600519,14:47:23,1437.3199,2,1
2026-03-02,600519,14:47:26,1437.1700,3,2
2026-03-02,600519,14:47:29,1437.3500,2,1
2026-03-02,600519,14:47:32,1437.1700,6,2
2026-03-02,600519,14:47:35,1437.1500,16,2
2026-03-02,600519,14:47:38,1437.3500,5,1
2026-03-02,600519,14:47:41,1437.3600,10,1
2026-03-02,600519,14:47:44,1437.3500,1,1
2026-03-02,600519,14:47:47,1437.3800,21,1
2026-03-02,600519,14:47:50,1437.4200,6,1
2026-03-02,600519,14:47:53,1437.3900,14,2
2026-03-02,600519,14:47:59,1437.4000,3,1
2026-03-02,600519,14:48:02,1437.3600,16,2
2026-03-02,600519,14:48:05,1437.7300,7,1
2026-03-02,600519,14:48:08,1437.4301,8,2
2026-03-02,600519,14:48:11,1437.9700,9,1
2026-03-02,600519,14:48:14,1437.9900,7,1
2026-03-02,600519,14:48:20,1438.0000,37,1
2026-03-02,600519,14:48:26,1438.0400,10,1
2026-03-02,600519,14:48:29,1438.0000,82,2
2026-03-02,600519,14:48:32,1438.0300,12,1
2026-03-02,600519,14:48:35,1438.2700,11,1
2026-03-02,600519,14:48:38,1438.2700,5,2
2026-03-02,600519,14:48:41,1438.2500,6,2
2026-03-02,600519,14:48:44,1438.0100,8,2
2026-03-02,600519,14:48:47,1437.9700,12,2
2026-03-02,600519,14:48:50,1437.9301,1,2
2026-03-02,600519,14:48:53,1437.5300,6,2
2026-03-02,600519,14:48:56,1437.4700,4,2
2026-03-02,600519,14:48:59,1437.4301,5,2
2026-03-02,600519,14:49:02,1437.4200,26,2
2026-03-02,600519,14:49:05,1437.4200,11,1
2026-03-02,600519,14:49:08,1437.3900,9,2
2026-03-02,600519,14:49:11,1437.4600,9,1
2026-03-02,600519,14:49:14,1437.4500,4,1
2026-03-02,600519,14:49:17,1437.4301,29,4
2026-03-02,600519,14:49:20,1438.1100,32,1
2026-03-02,600519,14:49:23,1438.2800,23,1
2026-03-02,600519,14:49:26,1438.2400,16,2
2026-03-02,600519,14:49:29,1438.2400,2,1
2026-03-02,600519,14:49:32,1437.7400,4,2
2026-03-02,600519,14:49:35,1438.2400,9,1
2026-03-02,600519,14:49:38,1438.2700,10,1
2026-03-02,600519,14:49:41,1438.2700,10,2
2026-03-02,600519,14:49:44,1438.2400,1,1
2026-03-02,600519,14:49:47,1438.0100,3,2
2026-03-02,600519,14:49:50,1438.2400,2,2
2026-03-02,600519,14:49:53,1438.2700,2,1
2026-03-02,600519,14:49:56,1438.2400,3,1
2026-03-02,600519,14:49:59,1438.2600,3,1
2026-03-02,600519,14:50:02,1438.0400,14,2
2026-03-02,600519,14:50:05,1438.2300,3,1
2026-03-02,600519,14:50:08,1438.2300,7,1
2026-03-02,600519,14:50:11,1438.0800,2,2
2026-03-02,600519,14:50:17,1438.1100,1,1
2026-03-02,600519,14:50:20,1438.1000,7,4
2026-03-02,600519,14:50:23,1438.2200,6,1
2026-03-02,600519,14:50:26,1438.2400,6,1
2026-03-02,600519,14:50:29,1438.2400,5,1
2026-03-02,600519,14:50:32,1438.0800,6,2
2026-03-02,600519,14:50:35,1438.3300,8,1
2026-03-02,600519,14:50:38,1438.3900,4,1
2026-03-02,600519,14:50:41,1438.0800,3,2
2026-03-02,600519,14:50:44,1438.4000,7,1
2026-03-02,600519,14:50:47,1438.4000,2,2
2026-03-02,600519,14:50:50,1438.4000,22,2
2026-03-02,600519,14:50:53,1438.4000,7,2
2026-03-02,600519,14:50:56,1438.4100,9,1
2026-03-02,600519,14:50:59,1438.3900,3,1
2026-03-02,600519,14:51:02,1438.0800,11,2
2026-03-02,600519,14:51:05,1438.2000,19,1
2026-03-02,600519,14:51:08,1438.4000,15,1
2026-03-02,600519,14:51:11,1438.4000,10,1
2026-03-02,600519,14:51:14,1438.4200,8,1
2026-03-02,600519,14:51:17,1438.4100,9,2
2026-03-02,600519,14:51:20,1438.4200,2,2
2026-03-02,600519,14:51:23,1438.5000,3,2
2026-03-02,600519,14:51:26,1438.4500,6,2
2026-03-02,600519,14:51:29,1439.0000,3,1
2026-03-02,600519,14:51:32,1438.5000,7,2
2026-03-02,600519,14:51:35,1438.4900,9,1
2026-03-02,600519,14:51:38,1438.4900,6,1
2026-03-02,600519,14:51:41,1438.5900,9,1
2026-03-02,600519,14:51:44,1438.9900,8,1
2026-03-02,600519,14:51:47,1438.4700,20,2
2026-03-02,600519,14:51:50,1439.0200,4,2
2026-03-02,600519,14:51:53,1439.0400,3,2
2026-03-02,600519,14:51:56,1439.8199,12,1
2026-03-02,600519,14:51:59,1440.0000,8,1
2026-03-02,600519,14:52:02,1439.4900,3,2
2026-03-02,600519,14:52:05,1439.4900,5,2
2026-03-02,600519,14:52:08,1439.4900,2,2
2026-03-02,600519,14:52:11,1439.4301,3,2
2026-03-02,600519,14:52:17,1439.4100,11,2
2026-03-02,600519,14:52:20,1439.4000,2,2
2026-03-02,600519,14:52:23,1439.4100,10,1
2026-03-02,600519,14:52:26,1439.4100,5,2
2026-03-02,600519,14:52:29,1439.4000,7,2
2026-03-02,600519,14:52:32,1439.4800,3,1
2026-03-02,600519,14:52:35,1439.4800,2,2
2026-03-02,600519,14:52:38,1439.4399,4,2
2026-03-02,600519,14:52:41,1439.8900,2,1
2026-03-02,600519,14:52:44,1439.4301,6,2
2026-03-02,600519,14:52:47,1439.4301,7,2
2026-03-02,600519,14:52:50,1439.6500,5,1
2026-03-02,600519,14:52:53,1439.6801,1,1
2026-03-02,600519,14:52:56,1439.7600,1,1
2026-03-02,600519,14:52:59,1439.7600,2,1
2026-03-02,600519,14:53:02,1439.7600,5,2
2026-03-02,600519,14:53:05,1439.7600,8,2
2026-03-02,600519,14:53:08,1439.5900,10,2
2026-03-02,600519,14:53:11,1439.5500,6,2
2026-03-02,600519,14:53:14,1439.7600,6,1
2026-03-02,600519,14:53:17,1439.8800,19,1
2026-03-02,600519,14:53:20,1439.9800,9,1
2026-03-02,600519,14:53:23,1440.1300,25,1
2026-03-02,600519,14:53:26,1440.6801,15,1
2026-03-02,600519,14:53:29,1441.0000,9,1
2026-03-02,600519,14:53:32,1441.0500,20,1
2026-03-02,600519,14:53:35,1441.0100,9,2
2026-03-02,600519,14:53:38,1441.0500,16,1
2026-03-02,600519,14:53:41,1441.0000,8,2
2026-03-02,600519,14:53:44,1440.9800,7,2
2026-03-02,600519,14:53:47,1441.0000,12,2
2026-03-02,600519,14:53:50,1440.9900,6,2
2026-03-02,600519,14:53:53,1441.1400,5,4
2026-03-02,600519,14:53:56,1440.9900,3,2
2026-03-02,600519,14:53:59,1441.2700,6,1
2026-03-02,600519,14:54:02,1440.9800,5,2
2026-03-02,600519,14:54:05,1441.1300,13,1
2026-03-02,600519,14:54:08,1441.0100,5,2
2026-03-02,600519,14:54:11,1441.1200,6,1
2026-03-02,600519,14:54:14,1441.1400,13,1
2026-03-02,600519,14:54:17,1440.9800,6,1
2026-03-02,600519,14:54:20,1440.5800,5,1
2026-03-02,600519,14:54:23,1440.9800,6,1
2026-03-02,600519,14:54:26,1440.9700,6,1
2026-03-02,600519,14:54:29,1440.7800,6,2
2026-03-02,600519,14:54:32,1440.6000,6,2
2026-03-02,600519,14:54:35,1440.9600,5,1
2026-03-02,600519,14:54:38,1440.9600,6,1
2026-03-02,600519,14:54:41,1440.5900,3,2
2026-03-02,600519,14:54:44,1440.1600,2,2
2026-03-02,600519,14:54:47,1440.9100,5,1
2026-03-02,600519,14:54:50,1440.9600,5,1
2026-03-02,600519,14:54:53,1440.8900,22,1
2026-03-02,600519,14:54:56,1440.9000,1,1
2026-03-02,600519,14:54:59,1440.8900,7,1
2026-03-02,600519,14:55:02,1440.8800,14,1
2026-03-02,600519,14:55:05,1440.8700,20,1
2026-03-02,600519,14:55:08,1440.8700,12,1
2026-03-02,600519,14:55:11,1440.2700,26,2
2026-03-02,600519,14:55:14,1440.7700,10,1
2026-03-02,600519,14:55:17,1440.8700,6,1
2026-03-02,600519,14:55:20,1440.3400,2,2
2026-03-02,600519,14:55:23,1440.3300,1,2
2026-03-02,600519,14:55:26,1440.3000,6,2
2026-03-02,600519,14:55:29,1440.1500,9,2
2026-03-02,600519,14:55:32,1440.1100,3,2
2026-03-02,600519,14:55:38,1440.1300,17,2
2026-03-02,600519,14:55:41,1440.2100,29,1
2026-03-02,600519,14:55:44,1440.4600,4,1
2026-03-02,600519,14:55:47,1440.4000,8,2
2026-03-02,600519,14:55:50,1440.8500,13,1
2026-03-02,600519,14:55:53,1440.8500,21,1
2026-03-02,600519,14:55:56,1440.9000,17,1
2026-03-02,600519,14:55:59,1440.9000,6,1
2026-03-02,600519,14:56:02,1440.1000,24,2
2026-03-02,600519,14:56:05,1440.0400,9,2
2026-03-02,600519,14:56:08,1440.0000,16,2
2026-03-02,600519,14:56:11,1440.0400,6,1
2026-03-02,600519,14:56:14,1440.0000,3,2
2026-03-02,600519,14:56:17,1440.1500,4,1
2026-03-02,600519,14:56:20,1440.1100,4,2
2026-03-02,600519,14:56:23,1440.1500,5,2
2026-03-02,600519,14:56:26,1440.1100,10,1
2026-03-02,600519,14:56:29,1440.1100,5,1
2026-03-02,600519,14:56:32,1440.0100,16,2
2026-03-02,600519,14:56:35,1440.9000,10,1
2026-03-02,600519,14:56:38,1440.9900,5,1
2026-03-02,600519,14:56:41,1441.0000,5,1
2026-03-02,600519,14:56:44,1441.0000,11,1
2026-03-02,600519,14:56:47,1440.1100,4,1
2026-03-02,600519,14:56:50,1440.9000,7,2
2026-03-02,600519,14:56:53,1440.1100,5,2
2026-03-02,600519,14:56:56,1440.9900,3,1
2026-03-02,600519,14:56:59,1440.8101,3,1
2026-03-02,600519,15:00:03,1440.1100,391,4
2026-03-02,600519,13:02:11,1441.7200,7,1
2026-03-02,600519,13:02:14,1442.8900,5,1
2026-03-02,600519,13:02:20,1443.0000,2,1
2026-03-02,600519,13:02:23,1442.8900,9,1
2026-03-02,600519,13:02:26,1440.0000,80,2
2026-03-02,600519,13:02:29,1442.0000,9,1
2026-03-02,600519,13:02:32,1442.3101,19,1
2026-03-02,600519,13:02:35,1442.3800,8,1
2026-03-02,600519,13:02:38,1442.3800,4,2
2026-03-02,600519,13:02:41,1443.0000,2,1
2026-03-02,600519,13:02:44,1443.2800,6,1
2026-03-02,600519,13:02:47,1442.3800,4,2
2026-03-02,600519,13:02:50,1442.3900,3,2
2026-03-02,600519,13:02:53,1443.3199,7,1
2026-03-02,600519,13:02:56,1442.3101,3,2
2026-03-02,600519,13:02:59,1443.3000,5,1
2026-03-02,600519,13:03:02,1442.2500,7,2
2026-03-02,600519,13:03:05,1442.2500,2,1
2026-03-02,600519,13:03:08,1442.2200,6,2
2026-03-02,600519,13:03:11,1442.0000,3,1
2026-03-02,600519,13:03:14,1442.0000,2,1
2026-03-02,600519,13:03:17,1441.8800,3,1
2026-03-02,600519,13:03:20,1440.8800,2,2
2026-03-02,600519,13:03:23,1440.8700,2,2
2026-03-02,600519,13:03:26,1441.9200,11,1
2026-03-02,600519,13:03:29,1441.8199,5,1
2026-03-02,600519,13:03:32,1441.8400,7,1
2026-03-02,600519,13:03:35,1441.8400,8,1
2026-03-02,600519,13:03:38,1442.1100,3,1
2026-03-02,600519,13:03:41,1440.9100,5,2
2026-03-02,600519,13:03:44,1442.2500,4,1
2026-03-02,600519,13:03:47,1440.8900,6,2
2026-03-02,600519,13:03:50,1440.9900,5,1
2026-03-02,600519,13:03:53,1442.2500,6,1
2026-03-02,600519,13:03:56,1442.2000,3,1
2026-03-02,600519,13:03:59,1440.9100,5,2
2026-03-02,600519,13:04:02,1441.9900,2,1
2026-03-02,600519,13:04:05,1442.0000,2,1
2026-03-02,600519,13:04:08,1441.9900,1,1
2026-03-02,600519,13:04:11,1442.0000,2,1
2026-03-02,600519,13:04:14,1442.0000,1,1
2026-03-02,600519,13:04:17,1440.9100,9,2
2026-03-02,600519,13:04:20,1441.9900,1,1
2026-03-02,600519,13:04:26,1442.0000,3,1
2026-03-02,600519,13:04:32,1440.9301,3,2
2026-03-02,600519,13:04:35,1440.9200,2,2
2026-03-02,600519,13:04:38,1440.9000,6,2
2026-03-02,600519,13:04:41,1440.8600,9,2
2026-03-02,600519,13:04:44,1440.9000,3,1
2026-03-02,600519,13:04:47,1440.8101,1,2
2026-03-02,600519,13:04:50,1440.8101,3,2
2026-03-02,600519,13:04:53,1440.8101,3,1
2026-03-02,600519,13:04:56,1440.8000,1,1
2026-03-02,600519,13:04:59,1440.7700,4,2
2026-03-02,600519,13:05:02,1440.7700,1,2
2026-03-02,600519,13:05:05,1440.3000,3,2
2026-03-02,600519,13:05:08,1440.7700,5,1
2026-03-02,600519,13:05:11,1440.7800,4,1
2026-03-02,600519,13:05:14,1440.0000,24,2
2026-03-02,600519,13:05:17,1440.0400,10,2
2026-03-02,600519,13:05:20,1440.7800,7,2
2026-03-02,600519,13:05:23,1440.7800,2,1
2026-03-02,600519,13:05:26,1440.7900,4,1
2026-03-02,600519,13:05:29,1441.7500,1,1
2026-03-02,600519,13:05:32,1441.7500,4,1
2026-03-02,600519,13:05:35,1441.7400,3,1
2026-03-02,600519,13:05:38,1441.6400,2,1
2026-03-02,600519,13:05:41,1440.8300,2,2
2026-03-02,600519,13:05:44,1441.2300,5,2
2026-03-02,600519,13:05:47,1441.6600,4,1
2026-03-02,600519,13:05:50,1441.6801,1,1
2026-03-02,600519,13:05:53,1441.6100,5,2
2026-03-02,600519,13:05:56,1441.7300,4,1
2026-03-02,600519,13:05:59,1441.7400,2,1
2026-03-02,600519,13:06:02,1441.2300,5,2
2026-03-02,600519,13:06:05,1441.2300,1,2
2026-03-02,600519,13:06:08,1441.8000,2,1
2026-03-02,600519,13:06:11,1441.8000,5,1
2026-03-02,600519,13:06:14,1441.8000,3,1
2026-03-02,600519,13:06:20,1441.8000,1,1
2026-03-02,600519,13:06:23,1441.2400,3,2
2026-03-02,600519,13:06:26,1441.2300,1,2
2026-03-02,600519,13:06:29,1441.8000,4,1
2026-03-02,600519,13:06:32,1440.8400,5,2
2026-03-02,600519,13:06:35,1441.2200,2,1
2026-03-02,600519,13:06:38,1441.7400,3,1
2026-03-02,600519,13:06:41,1441.8500,2,1
2026-03-02,600519,13:06:47,1441.8700,4,1
2026-03-02,600519,13:06:50,1441.0200,8,2
2026-03-02,600519,13:06:53,1442.0000,16,1
2026-03-02,600519,13:06:56,1442.0000,4,1
2026-03-02,600519,13:06:59,1441.8500,6,1
2026-03-02,600519,13:07:02,1442.0000,6,1
2026-03-02,600519,13:07:05,1442.0000,9,1
2026-03-02,600519,13:07:08,1442.1801,22,1
2026-03-02,600519,13:07:11,1442.8800,7,1
2026-03-02,600519,13:07:14,1442.0900,2,1
2026-03-02,600519,13:07:17,1442.0900,4,1
2026-03-02,600519,13:07:20,1442.0000,3,2
2026-03-02,600519,13:07:23,1442.8700,1,1
2026-03-02,600519,13:07:26,1441.8800,1,2
2026-03-02,600519,13:07:29,1441.6899,9,2
2026-03-02,600519,13:07:32,1441.8199,1,1
2026-03-02,600519,13:07:35,1441.6899,1,2
2026-03-02,600519,13:07:38,1441.8199,2,1
2026-03-02,600519,13:07:50,1441.8199,1,2
2026-03-02,600519,13:07:53,1442.0000,2,1
2026-03-02,600519,13:07:59,1441.9900,1,1
2026-03-02,600519,13:08:02,1441.8199,3,2
2026-03-02,600519,13:08:05,1441.8500,1,2
2026-03-02,600519,13:08:08,1441.8300,3,2
2026-03-02,600519,13:08:14,1441.9900,2,1
2026-03-02,600519,13:08:17,1441.8300,2,2
2026-03-02,600519,13:08:20,1441.8199,2,2
2026-03-02,600519,13:08:23,1441.8199,1,1
2026-03-02,600519,13:08:26,1441.8199,3,2
2026-03-02,600519,13:08:29,1441.9800,3,1
2026-03-02,600519,13:08:35,1441.9600,1,1
2026-03-02,600519,13:08:38,1441.9600,3,2
2026-03-02,600519,13:08:50,1441.9800,6,1
2026-03-02,600519,13:08:53,1441.9700,2,1
2026-03-02,600519,13:08:56,1441.9600,7,1
2026-03-02,600519,13:08:59,1441.9600,7,1
2026-03-02,600519,13:09:02,1441.9900,5,1
2026-03-02,600519,13:09:05,1441.9900,5,1
2026-03-02,600519,13:09:08,1442.0000,3,1
2026-03-02,600519,13:09:11,1441.9700,3,2
2026-03-02,600519,13:09:14,1442.0000,3,1
2026-03-02,600519,13:09:17,1442.5800,1,1
2026-03-02,600519,13:09:20,1441.9700,2,2
2026-03-02,600519,13:09:26,1441.9700,5,1
2026-03-02,600519,13:09:29,1441.8500,2,2
2026-03-02,600519,13:09:32,1441.8500,1,2
2026-03-02,600519,13:09:38,1442.8000,5,1
2026-03-02,600519,13:09:41,1442.8600,2,1
2026-03-02,600519,13:09:44,1442.0100,4,2
2026-03-02,600519,13:09:47,1442.8700,3,1
2026-03-02,600519,13:09:53,1442.0100,2,2
2026-03-02,600519,13:09:56,1442.0100,2,2
2026-03-02,600519,13:09:59,1442.0100,2,2
2026-03-02,600519,13:10:02,1442.0000,1,2
2026-03-02,600519,13:10:11,1442.0100,3,2
2026-03-02,600519,13:10:14,1442.8400,6,1
2026-03-02,600519,13:10:17,1442.0100,4,2
2026-03-02,600519,13:10:20,1442.8000,2,1
2026-03-02,600519,13:10:23,1442.8000,3,1
2026-03-02,600519,13:10:26,1442.8400,6,1
2026-03-02,600519,13:10:29,1442.8700,5,1
2026-03-02,600519,13:10:32,1442.1000,3,2
2026-03-02,600519,13:10:35,1442.8700,4,1
2026-03-02,600519,13:10:38,1442.8700,6,1
2026-03-02,600519,13:10:41,1442.9500,3,1
2026-03-02,600519,13:10:44,1442.8700,4,2
2026-03-02,600519,13:10:47,1443.2800,15,1
2026-03-02,600519,13:10:50,1443.5000,4,1
2026-03-02,600519,13:10:53,1443.4500,3,1
2026-03-02,600519,13:10:56,1443.4500,2,1
2026-03-02,600519,13:10:59,1443.0200,1,2
2026-03-02,600519,13:11:02,1443.5000,2,1
2026-03-02,600519,13:11:05,1443.0000,2,2
2026-03-02,600519,13:11:08,1443.5000,4,1
2026-03-02,600519,13:11:11,1443.0000,1,2
2026-03-02,600519,13:11:14,1443.5000,3,1
2026-03-02,600519,13:11:17,1443.5100,11,1
2026-03-02,600519,13:11:20,1443.7700,9,1
2026-03-02,600519,13:11:23,1443.5000,18,2
2026-03-02,600519,13:11:26,1443.8101,2,1
2026-03-02,600519,13:11:29,1443.9301,2,1
2026-03-02,600519,13:11:32,1443.8101,3,2
2026-03-02,600519,13:11:35,1443.9301,6,2
2026-03-02,600519,13:11:38,1443.9700,12,1
2026-03-02,600519,13:11:41,1443.9301,5,2
2026-03-02,600519,13:11:44,1443.9301,2,1
2026-03-02,600519,13:11:47,1443.9500,4,1
2026-03-02,600519,13:11:50,1443.9600,4,1
2026-03-02,600519,13:11:53,1444.0500,13,1
2026-03-02,600519,13:11:56,1444.3900,15,1
2026-03-02,600519,13:11:59,1444.8199,13,1
2026-03-02,600519,13:12:02,1444.9800,6,1
2026-03-02,600519,13:12:05,1444.9800,6,2
2026-03-02,600519,13:12:08,1444.9900,3,2
2026-03-02,600519,13:12:11,1445.1200,45,1
2026-03-02,600519,13:12:14,1445.1899,16,1
2026-03-02,600519,13:12:17,1445.4399,8,1
2026-03-02,600519,13:12:20,1445.2100,7,2
2026-03-02,600519,13:12:23,1445.7700,5,1
2026-03-02,600519,13:12:26,1445.9900,13,1
2026-03-02,600519,13:12:29,1445.9900,3,1
2026-03-02,600519,13:12:32,1445.8700,21,2
2026-03-02,600519,13:12:35,1446.1801,11,1
2026-03-02,600519,13:12:38,1446.3199,8,1
2026-03-02,600519,13:12:41,1446.1801,5,2
2026-03-02,600519,13:12:44,1446.1801,8,2
2026-03-02,600519,13:12:47,1446.1500,8,2
2026-03-02,600519,13:12:50,1446.1500,8,1
2026-03-02,600519,13:12:53,1446.9000,5,1
2026-03-02,600519,13:12:56,1446.8000,10,2
2026-03-02,600519,13:12:59,1446.9200,9,1
2026-03-02,600519,13:13:02,1446.8900,5,1
2026-03-02,600519,13:13:05,1446.1801,2,2
2026-03-02,600519,13:13:08,1446.8900,2,1
2026-03-02,600519,13:13:11,1446.8900,1,1
2026-03-02,600519,13:13:14,1446.1801,6,2
2026-03-02,600519,13:13:17,1445.2200,13,2
2026-03-02,600519,13:13:20,1445.2200,45,2
2026-03-02,600519,13:13:23,1445.1899,8,2
2026-03-02,600519,13:13:26,1445.0100,6,2
2026-03-02,600519,13:13:29,1445.9900,4,1
2026-03-02,600519,13:13:32,1446.0000,6,1
2026-03-02,600519,13:13:35,1446.0000,2,1
2026-03-02,600519,13:13:38,1446.0000,2,1
2026-03-02,600519,13:13:41,1445.1899,3,2
2026-03-02,600519,13:13:44,1445.2000,6,2
2026-03-02,600519,13:13:50,1445.2200,1,2
2026-03-02,600519,13:13:53,1445.8700,3,1
2026-03-02,600519,13:13:56,1445.2300,3,2
2026-03-02,600519,13:13:59,1446.0000,4,1
2026-03-02,600519,13:14:02,1446.0000,1,1
2026-03-02,600519,13:14:05,1445.9900,1,1
2026-03-02,600519,13:14:08,1445.8800,1,1
2026-03-02,600519,13:14:11,1445.2300,2,2
2026-03-02,600519,13:14:14,1445.8800,1,1
2026-03-02,600519,13:14:17,1445.9800,1,1
2026-03-02,600519,13:14:20,1445.9800,1,1
2026-03-02,600519,13:14:23,1445.9800,2,1
2026-03-02,600519,13:14:26,1445.9900,5,1
2026-03-02,600519,13:14:29,1445.9900,1,1
2026-03-02,600519,13:14:32,1446.0000,2,1
2026-03-02,600519,13:14:35,1445.3101,1,2
2026-03-02,600519,13:14:38,1445.3199,2,2
2026-03-02,600519,13:14:41,1445.2700,7,2
2026-03-02,600519,13:14:44,1445.2600,5,2
2026-03-02,600519,13:14:47,1445.9399,3,1
2026-03-02,600519,13:14:50,1445.8900,4,1
2026-03-02,600519,13:14:53,1445.3101,1,2
2026-03-02,600519,13:14:59,1445.2600,2,2
2026-03-02,600519,13:15:02,1445.2700,4,2
2026-03-02,600519,13:15:08,1445.5200,1,1
2026-03-02,600519,13:15:11,1445.6200,9,1
2026-03-02,600519,13:15:14,1445.0200,16,2
2026-03-02,600519,13:15:17,1444.4399,47,2
2026-03-02,600519,13:15:20,1444.3000,8,2
2026-03-02,600519,13:15:23,1444.3000,6,2
2026-03-02,600519,13:15:26,1444.4399,5,1
2026-03-02,600519,13:15:29,1444.3600,13,2
2026-03-02,600519,13:15:32,1445.0100,7,1
2026-03-02,600519,13:15:35,1445.4900,2,1
2026-03-02,600519,13:15:38,1445.5100,1,1
2026-03-02,600519,13:15:41,1445.4900,3,1
2026-03-02,600519,13:15:44,1445.5100,1,1
2026-03-02,600519,13:15:53,1445.4000,1,1
2026-03-02,600519,13:15:56,1445.4000,1,1
2026-03-02,600519,13:15:59,1444.5800,1,2
2026-03-02,600519,13:16:02,1445.3900,2,1
2026-03-02,600519,13:16:05,1444.4600,1,2
2026-03-02,600519,13:16:08,1445.3400,2,1
2026-03-02,600519,13:16:11,1444.4500,2,2
2026-03-02,600519,13:16:14,1444.3000,12,2
2026-03-02,600519,13:16:17,1444.2000,5,2
2026-03-02,600519,13:16:23,1444.1899,1,1
2026-03-02,600519,13:16:26,1444.0300,1,2
2026-03-02,600519,13:16:32,1443.9700,2,2
2026-03-02,600519,13:16:35,1444.0300,1,1
2026-03-02,600519,13:16:38,1444.1899,4,1
2026-03-02,600519,13:16:41,1443.9600,7,2
2026-03-02,600519,13:16:44,1443.9600,4,1
2026-03-02,600519,13:16:47,1443.0000,6,2
2026-03-02,600519,13:16:50,1443.0100,2,2
2026-03-02,600519,13:16:56,1443.0400,8,2
2026-03-02,600519,13:16:59,1444.2500,8,1
2026-03-02,600519,13:17:02,1444.2000,4,1
2026-03-02,600519,13:17:05,1444.2500,3,1
2026-03-02,600519,13:17:08,1443.0699,8,2
2026-03-02,600519,13:17:11,1444.4900,4,1
2026-03-02,600519,13:17:14,1444.4800,7,1
2026-03-02,600519,13:17:17,1443.0699,1,1
2026-03-02,600519,13:17:20,1444.4700,1,1
2026-03-02,600519,13:17:23,1444.0000,1,1
2026-03-02,600519,13:17:26,1444.4800,1,1
2026-03-02,600519,13:17:29,1443.9700,3,2
2026-03-02,600519,13:17:32,1444.4800,9,1
2026-03-02,600519,13:17:35,1444.4700,1,1
2026-03-02,600519,13:17:38,1443.2100,2,2
2026-03-02,600519,13:17:41,1444.0000,1,1
2026-03-02,600519,13:17:53,1444.2300,2,1
2026-03-02,600519,13:18:02,1443.4700,2,2
2026-03-02,600519,13:18:08,1444.0000,5,1
2026-03-02,600519,13:18:11,1443.4700,16,2
2026-03-02,600519,13:18:14,1443.4700,7,2
2026-03-02,600519,13:18:17,1443.4700,17,1
2026-03-02,600519,13:18:20,1443.4301,10,2
2026-03-02,600519,13:18:26,1443.9900,3,1
2026-03-02,600519,13:18:29,1443.2900,2,2
2026-03-02,600519,13:18:32,1443.2800,4,2
2026-03-02,600519,13:18:35,1444.0000,1,1
2026-03-02,600519,13:18:38,1443.8800,6,1
2026-03-02,600519,13:18:41,1444.0000,2,1
2026-03-02,600519,13:18:44,1444.0000,1,1
2026-03-02,600519,13:18:47,1443.2800,6,2
2026-03-02,600519,13:18:50,1444.0000,1,1
2026-03-02,600519,13:18:53,1444.1000,7,1
2026-03-02,600519,13:18:56,1443.2800,2,2
2026-03-02,600519,13:19:02,1443.2300,5,2
2026-03-02,600519,13:19:05,1443.2800,3,1
2026-03-02,600519,13:19:11,1443.2800,5,1
2026-03-02,600519,13:19:14,1443.2800,4,1
2026-03-02,600519,13:19:17,1443.2800,1,1
2026-03-02,600519,13:19:20,1443.0800,6,2
2026-03-02,600519,13:19:23,1443.2800,2,1
2026-03-02,600519,13:19:26,1443.0000,3,2
2026-03-02,600519,13:19:29,1443.2700,8,1
2026-03-02,600519,13:19:32,1442.8900,9,2
2026-03-02,600519,13:19:35,1442.8900,2,2
2026-03-02,600519,13:19:38,1443.3000,7,1
2026-03-02,600519,13:19:41,1443.6000,1,1
2026-03-02,600519,13:19:44,1443.6000,2,1
2026-03-02,600519,13:19:53,1444.2200,5,1
2026-03-02,600519,13:19:56,1443.2800,4,2
2026-03-02,600519,13:20:02,1443.1801,1,2
2026-03-02,600519,13:20:05,1443.1801,1,2
2026-03-02,600519,13:20:11,1443.0000,2,2
2026-03-02,600519,13:20:14,1443.1600,2,1
2026-03-02,600519,13:20:17,1443.2500,15,1
2026-03-02,600519,13:20:20,1443.2300,5,1
2026-03-02,600519,13:20:23,1442.9100,8,2
2026-03-02,600519,13:20:26,1442.1000,5,2
2026-03-02,600519,13:20:29,1443.1899,4,1
2026-03-02,600519,13:20:32,1443.2100,7,1
2026-03-02,600519,13:20:35,1443.2300,4,1
2026-03-02,600519,13:20:38,1444.0000,12,1
2026-03-02,600519,13:20:41,1444.1899,5,1
2026-03-02,600519,13:20:44,1443.2400,4,2
2026-03-02,600519,13:20:47,1443.2900,1,2
2026-03-02,600519,13:20:53,1443.2900,1,2
2026-03-02,600519,13:20:56,1444.1700,5,1
2026-03-02,600519,13:21:05,1443.2800,1,1
2026-03-02,600519,13:21:08,1443.3900,7,1
2026-03-02,600519,13:21:11,1444.0000,2,1
2026-03-02,600519,13:21:17,1443.3400,2,2
2026-03-02,600519,13:21:20,1443.2200,27,2
2026-03-02,600519,13:21:23,1443.0000,4,2
2026-03-02,600519,13:21:26,1442.9900,3,1
2026-03-02,600519,13:21:29,1442.3500,11,2
2026-03-02,600519,13:21:32,1443.7900,3,1
2026-03-02,600519,13:21:35,1443.7900,7,1
2026-03-02,600519,13:21:38,1443.7900,2,1
2026-03-02,600519,13:21:44,1442.3500,2,2
2026-03-02,600519,13:21:47,1442.7900,1,1
2026-03-02,600519,13:21:50,1442.7900,1,1
2026-03-02,600519,13:21:59,1442.3300,13,2
2026-03-02,600519,13:22:02,1442.3700,5,2
2026-03-02,600519,13:22:05,1442.3700,3,1
2026-03-02,600519,13:22:08,1442.3700,2,1
2026-03-02,600519,13:22:11,1442.0800,7,2
2026-03-02,600519,13:22:14,1442.2000,5,2
2026-03-02,600519,13:22:17,1442.7900,9,1
2026-03-02,600519,13:22:20,1442.2000,3,1
2026-03-02,600519,13:22:23,1442.0800,2,2
2026-03-02,600519,13:22:26,1442.0200,1,2
2026-03-02,600519,13:22:29,1442.7900,3,1
2026-03-02,600519,13:22:35,1442.2000,1,2
2026-03-02,600519,13:22:38,1442.2000,2,1
2026-03-02,600519,13:22:41,1442.2000,3,2
2026-03-02,600519,13:22:50,1442.5800,5,1
2026-03-02,600519,13:22:53,1442.5000,4,2
2026-03-02,600519,13:22:56,1442.5800,4,1
2026-03-02,600519,13:23:02,1442.5100,3,1
2026-03-02,600519,13:23:14,1442.5000,5,2
2026-03-02,600519,13:23:17,1442.7800,3,1
2026-03-02,600519,13:23:23,1442.8400,3,1
2026-03-02,600519,13:23:26,1442.6801,4,2
2026-03-02,600519,13:23:29,1443.2700,3,1
2026-03-02,600519,13:23:32,1443.0000,2,1
2026-03-02,600519,13:23:35,1442.8400,4,4
2026-03-02,600519,13:23:38,1442.6899,2,1
2026-03-02,600519,13:23:41,1442.5699,1,2
2026-03-02,600519,13:23:47,1442.5699,1,2
2026-03-02,600519,13:23:53,1442.8400,1,1
2026-03-02,600519,13:23:56,1442.5699,6,2
2026-03-02,600519,13:23:59,1442.8300,5,1
2026-03-02,600519,13:24:05,1442.8300,2,1
2026-03-02,600519,13:24:08,1442.5900,24,2
2026-03-02,600519,13:24:11,1442.5800,4,2
2026-03-02,600519,13:24:14,1443.2700,3,1
2026-03-02,600519,13:24:20,1442.5699,1,2
2026-03-02,600519,13:24:35,1442.9200,1,1
2026-03-02,600519,13:24:38,1442.5800,2,2
2026-03-02,600519,13:24:41,1442.5800,5,2
2026-03-02,600519,13:24:47,1443.0000,9,1
2026-03-02,600519,13:24:50,1443.0000,2,1
2026-03-02,600519,13:24:53,1442.9200,1,1
2026-03-02,600519,13:24:56,1442.4700,11,2
2026-03-02,600519,13:24:59,1442.2200,8,2
2026-03-02,600519,13:25:02,1442.2200,4,2
2026-03-02,600519,13:25:05,1442.2200,1,2
2026-03-02,600519,13:25:08,1442.2200,1,2
2026-03-02,600519,13:25:11,1442.2100,7,2
2026-03-02,600519,13:25:14,1442.2100,3,2
2026-03-02,600519,13:25:20,1442.1200,2,2
2026-03-02,600519,13:25:23,1442.2200,2,1
2026-03-02,600519,13:25:26,1442.2300,1,2
2026-03-02,600519,13:25:29,1442.3101,2,1
2026-03-02,600519,13:25:32,1442.4100,1,1
2026-03-02,600519,13:25:35,1442.4100,1,1
2026-03-02,600519,13:25:38,1442.4100,3,1
2026-03-02,600519,13:25:41,1442.3500,3,2
2026-03-02,600519,13:25:44,1442.1200,17,2
2026-03-02,600519,13:25:47,1442.2900,5,1
2026-03-02,600519,13:25:50,1442.3000,2,2
2026-03-02,600519,13:25:53,1442.0300,3,2
2026-03-02,600519,13:25:56,1442.3400,1,1
2026-03-02,600519,13:26:02,1442.5000,10,1
2026-03-02,600519,13:26:05,1442.0300,5,2
2026-03-02,600519,13:26:08,1442.0200,2,2
2026-03-02,600519,13:26:11,1442.0200,1,1
2026-03-02,600519,13:26:14,1442.0300,2,1
2026-03-02,600519,13:26:17,1442.0300,3,1
2026-03-02,600519,13:26:20,1442.0100,3,2
2026-03-02,600519,13:26:23,1442.0100,32,2
2026-03-02,600519,13:26:29,1441.6700,1,2
2026-03-02,600519,13:26:32,1442.0000,3,1
2026-03-02,600519,13:26:35,1442.0200,13,1
2026-03-02,600519,13:26:38,1442.0300,11,1
2026-03-02,600519,13:26:41,1442.0300,5,1
2026-03-02,600519,13:26:44,1442.1600,27,1
2026-03-02,600519,13:26:47,1442.0400,4,2
2026-03-02,600519,13:26:50,1442.3101,3,1
2026-03-02,600519,13:26:53,1442.3300,2,2
2026-03-02,600519,13:26:59,1442.0500,7,2
2026-03-02,600519,13:27:05,1442.9000,1,1
2026-03-02,600519,13:27:08,1442.9000,1,1
2026-03-02,600519,13:27:11,1442.8900,1,1
2026-03-02,600519,13:27:14,1442.1100,2,2
2026-03-02,600519,13:27:26,1442.7600,2,1
2026-03-02,600519,13:27:29,1442.7500,2,1
2026-03-02,600519,13:27:32,1442.1801,7,2
2026-03-02,600519,13:27:35,1442.1700,4,2
2026-03-02,600519,13:27:38,1442.7500,2,1
2026-03-02,600519,13:27:44,1442.2200,3,2
2026-03-02,600519,13:27:47,1442.2600,3,2
2026-03-02,600519,13:27:50,1442.7000,3,1
2026-03-02,600519,13:27:59,1442.7400,1,1
2026-03-02,600519,13:28:05,1442.3300,2,2
2026-03-02,600519,13:28:08,1442.3300,2,2
2026-03-02,600519,13:28:11,1442.3300,1,2
2026-03-02,600519,13:28:14,1442.7400,2,1
2026-03-02,600519,13:28:17,1442.7500,2,1
2026-03-02,600519,13:28:20,1442.7000,2,1
2026-03-02,600519,13:28:26,1442.7000,1,1
2026-03-02,600519,13:28:32,1442.4800,26,2
2026-03-02,600519,13:28:38,1442.5300,5,1
2026-03-02,600519,13:28:41,1442.5000,3,2
2026-03-02,600519,13:28:44,1442.5200,2,2
2026-03-02,600519,13:28:47,1442.5300,4,2
2026-03-02,600519,13:28:53,1442.5699,1,2
2026-03-02,600519,13:28:56,1442.5699,2,1
2026-03-02,600519,13:28:59,1442.5500,3,2
2026-03-02,600519,13:29:02,1442.5500,2,2
2026-03-02,600519,13:29:05,1442.5500,6,2
2026-03-02,600519,13:29:08,1442.3600,18,2
2026-03-02,600519,13:29:11,1442.3000,1,2
2026-03-02,600519,13:29:14,1442.2300,4,2
2026-03-02,600519,13:29:17,1442.5500,5,1
2026-03-02,600519,13:29:20,1442.2300,2,2
2026-03-02,600519,13:29:23,1442.2200,2,2
2026-03-02,600519,13:29:26,1442.2200,3,2
2026-03-02,600519,13:29:32,1442.2300,2,1
2026-03-02,600519,13:29:35,1442.5400,6,1
2026-03-02,600519,13:29:38,1442.5500,4,1
2026-03-02,600519,13:29:41,1442.5699,3,1
2026-03-02,600519,13:29:44,1442.2300,8,2
2026-03-02,600519,13:29:53,1442.2300,4,2
2026-03-02,600519,13:29:56,1442.5800,1,1
2026-03-02,600519,13:29:59,1442.3300,2,2
2026-03-02,600519,13:30:02,1442.2300,4,2
2026-03-02,600519,13:30:05,1442.5900,3,1
2026-03-02,600519,13:30:08,1442.6300,8,1
2026-03-02,600519,13:30:11,1442.2300,7,2
2026-03-02,600519,13:30:14,1442.6801,1,1
2026-03-02,600519,13:30:17,1442.2300,1,2
2026-03-02,600519,13:30:20,1442.6200,1,1
2026-03-02,600519,13:30:26,1442.6801,1,1
2026-03-02,600519,13:30:29,1442.7300,4,1
2026-03-02,600519,13:30:32,1442.8400,2,1
2026-03-02,600519,13:30:35,1442.7200,3,2
2026-03-02,600519,13:30:38,1442.7200,1,2
2026-03-02,600519,13:30:41,1442.7200,6,2
2026-03-02,600519,13:30:44,1442.8101,3,1
2026-03-02,600519,13:30:47,1442.8400,2,1
2026-03-02,600519,13:30:50,1442.8400,1,1
2026-03-02,600519,13:30:53,1442.8300,2,1
2026-03-02,600519,13:30:56,1442.8300,1,2
2026-03-02,600519,13:31:02,1442.7400,6,2
2026-03-02,600519,13:31:05,1442.6801,5,2
2026-03-02,600519,13:31:17,1442.7600,1,1
2026-03-02,600519,13:31:20,1442.3199,2,2
2026-03-02,600519,13:31:26,1442.8101,2,1
2026-03-02,600519,13:31:32,1442.3500,1,2
2026-03-02,600519,13:31:41,1442.7100,1,1
2026-03-02,600519,13:31:47,1442.3600,9,2
2026-03-02,600519,13:31:50,1442.7100,1,1
2026-03-02,600519,13:31:59,1442.4100,2,2
2026-03-02,600519,13:32:02,1442.4200,1,2
2026-03-02,600519,13:32:05,1442.4100,2,2
2026-03-02,600519,13:32:08,1442.5100,4,1
2026-03-02,600519,13:32:11,1442.4100,1,2
2026-03-02,600519,13:32:14,1442.5000,1,1
2026-03-02,600519,13:32:17,1442.5000,2,1
2026-03-02,600519,13:32:20,1442.5000,1,1
2026-03-02,600519,13:32:23,1442.4301,1,2
2026-03-02,600519,13:32:29,1442.5000,1,1
2026-03-02,600519,13:32:32,1442.5000,3,1
2026-03-02,600519,13:32:41,1442.5000,10,2
2026-03-02,600519,13:32:44,1442.4301,2,2
2026-03-02,600519,13:32:47,1442.4100,10,2
2026-03-02,600519,13:32:50,1442.3101,5,2
2026-03-02,600519,13:32:53,1442.3300,2,2
2026-03-02,600519,13:32:56,1442.2000,11,2
2026-03-02,600519,13:32:59,1442.1600,5,2
2026-03-02,600519,13:33:02,1442.2500,2,1
2026-03-02,600519,13:33:05,1442.0000,21,2
2026-03-02,600519,13:33:08,1441.9301,6,2
2026-03-02,600519,13:33:11,1441.4301,2,2
2026-03-02,600519,13:33:14,1441.4200,1,2
2026-03-02,600519,13:33:17,1441.4200,7,2
2026-03-02,600519,13:33:20,1441.0400,1,2
2026-03-02,600519,13:33:23,1441.0000,45,2
2026-03-02,600519,13:33:26,1440.7900,7,2
2026-03-02,600519,13:33:29,1441.4200,5,1
2026-03-02,600519,13:33:32,1441.4100,1,1
2026-03-02,600519,13:33:35,1441.0000,4,1
2026-03-02,600519,13:33:38,1440.9301,2,2
2026-03-02,600519,13:33:41,1440.9399,2,2
2026-03-02,600519,13:33:47,1440.9000,3,2
2026-03-02,600519,13:33:50,1441.4200,3,1
2026-03-02,600519,13:33:59,1440.9000,5,2
2026-03-02,600519,13:34:05,1440.9500,3,2
2026-03-02,600519,13:34:08,1441.4000,2,1
2026-03-02,600519,13:34:11,1441.4000,1,1
2026-03-02,600519,13:34:14,1441.2000,1,1
2026-03-02,600519,13:34:17,1441.2000,3,1
2026-03-02,600519,13:34:23,1441.1899,1,1
2026-03-02,600519,13:34:35,1441.1200,1,2
2026-03-02,600519,13:34:38,1441.1100,4,2
2026-03-02,600519,13:34:41,1441.1000,4,2
2026-03-02,600519,13:34:44,1441.1100,2,1
2026-03-02,600519,13:34:50,1441.1000,1,2
2026-03-02,600519,13:34:53,1441.1100,1,1
2026-03-02,600519,13:35:02,1441.1100,8,1
2026-03-02,600519,13:35:05,1441.1000,1,2
2026-03-02,600519,13:35:08,1441.1000,3,1
2026-03-02,600519,13:35:11,1441.0200,2,2
2026-03-02,600519,13:35:14,1441.0200,3,1
2026-03-02,600519,13:35:17,1441.0000,1,2
2026-03-02,600519,13:35:20,1441.1801,9,1
2026-03-02,600519,13:35:23,1441.0000,3,2
2026-03-02,600519,13:35:26,1441.0500,2,2
2026-03-02,600519,13:35:29,1441.0400,1,2
2026-03-02,600519,13:35:32,1441.1801,2,1
2026-03-02,600519,13:35:38,1441.0000,20,2
2026-03-02,600519,13:35:41,1440.9301,4,2
2026-03-02,600519,13:35:44,1441.1801,2,1
2026-03-02,600519,13:35:47,1441.1801,5,1
2026-03-02,600519,13:35:50,1440.9800,2,2
2026-03-02,600519,13:35:56,1441.0000,3,2
2026-03-02,600519,13:35:59,1440.9200,10,2
2026-03-02,600519,13:36:02,1440.8900,14,2
2026-03-02,600519,13:36:05,1440.8900,3,1
2026-03-02,600519,13:36:08,1440.7400,2,2
2026-03-02,600519,13:36:11,1440.5800,5,2
2026-03-02,600519,13:36:14,1440.1700,2,2
2026-03-02,600519,13:36:20,1440.4900,3,1
2026-03-02,600519,13:36:23,1440.1899,2,2
2026-03-02,600519,13:36:26,1440.5000,6,1
2026-03-02,600519,13:36:29,1440.1700,1,2
2026-03-02,600519,13:36:38,1440.1899,7,2
2026-03-02,600519,13:36:41,1440.1801,3,2
2026-03-02,600519,13:36:44,1440.5000,7,1
2026-03-02,600519,13:36:47,1440.1200,2,2
2026-03-02,600519,13:36:50,1440.4900,2,1
2026-03-02,600519,13:36:53,1440.1899,3,2
2026-03-02,600519,13:36:56,1440.1000,5,2
2026-03-02,600519,13:36:59,1440.2200,3,2
2026-03-02,600519,13:37:05,1440.1899,3,2
2026-03-02,600519,13:37:08,1440.3000,11,2
2026-03-02,600519,13:37:11,1440.5000,3,1
2026-03-02,600519,13:37:14,1440.5000,1,1
2026-03-02,600519,13:37:20,1440.5000,1,1
2026-03-02,600519,13:37:23,1440.5000,8,1
2026-03-02,600519,13:37:26,1440.2000,4,2
2026-03-02,600519,13:37:29,1440.2800,12,2
2026-03-02,600519,13:37:35,1440.2600,2,2
2026-03-02,600519,13:37:38,1440.2300,1,1
2026-03-02,600519,13:37:41,1440.2200,1,2
2026-03-02,600519,13:37:44,1440.2200,3,2
2026-03-02,600519,13:37:47,1440.2300,2,1
2026-03-02,600519,13:37:50,1440.2300,2,1
2026-03-02,600519,13:37:53,1440.2300,1,1
2026-03-02,600519,13:37:56,1440.2200,2,2
2026-03-02,600519,13:37:59,1440.2300,6,1
2026-03-02,600519,13:38:02,1440.2200,7,2
2026-03-02,600519,13:38:05,1440.2200,7,2
2026-03-02,600519,13:38:08,1440.2200,3,1
2026-03-02,600519,13:38:11,1440.2200,2,2
2026-03-02,600519,13:38:14,1440.2000,4,2
2026-03-02,600519,13:38:17,1440.2200,1,1
2026-03-02,600519,13:38:20,1440.2200,22,1
2026-03-02,600519,13:38:23,1440.1600,90,2
2026-03-02,600519,13:38:26,1440.1500,1,1
2026-03-02,600519,13:38:38,1440.1400,3,1
2026-03-02,600519,13:38:41,1440.1500,1,1
2026-03-02,600519,13:38:44,1440.1500,2,1
2026-03-02,600519,13:38:47,1439.9600,8,2
2026-03-02,600519,13:38:50,1440.1600,6,1
2026-03-02,600519,13:38:53,1439.9500,2,2
2026-03-02,600519,13:38:59,1440.0000,1,2
2026-03-02,600519,13:39:02,1440.2000,2,1
2026-03-02,600519,13:39:05,1440.2000,4,1
2026-03-02,600519,13:39:08,1440.1600,3,2
2026-03-02,600519,13:39:11,1440.1600,1,2
2026-03-02,600519,13:39:14,1440.1899,2,1
2026-03-02,600519,13:39:17,1440.1899,1,1
2026-03-02,600519,13:39:20,1440.1600,3,2
2026-03-02,600519,13:39:23,1440.1600,5,2
2026-03-02,600519,13:39:26,1440.1600,8,2
2026-03-02,600519,13:39:32,1440.0699,2,2
2026-03-02,600519,13:39:44,1440.0699,6,2
2026-03-02,600519,13:39:47,1440.1000,5,2
2026-03-02,600519,13:39:56,1440.1000,1,2
2026-03-02,600519,13:39:59,1440.1000,2,2
2026-03-02,600519,13:40:02,1440.1200,1,1
2026-03-02,600519,13:40:05,1440.1000,4,2
2026-03-02,600519,13:40:08,1440.1300,10,1
2026-03-02,600519,13:40:11,1440.1000,15,2
2026-03-02,600519,13:40:14,1440.1300,1,2
2026-03-02,600519,13:40:17,1440.1400,1,1
2026-03-02,600519,13:40:20,1440.1300,2,2
2026-03-02,600519,13:40:26,1440.1300,4,2
2026-03-02,600519,13:40:32,1440.1300,2,2
2026-03-02,600519,13:40:35,1440.1300,3,2
2026-03-02,600519,13:40:38,1440.1400,2,1
2026-03-02,600519,13:40:41,1440.1300,1,1
2026-03-02,600519,13:40:47,1440.1300,4,2
2026-03-02,600519,13:40:50,1440.1300,2,2
2026-03-02,600519,13:40:53,1440.1300,2,2
2026-03-02,600519,13:40:59,1440.1200,4,2
2026-03-02,600519,13:41:02,1440.1400,1,1
2026-03-02,600519,13:41:08,1440.1400,5,1
2026-03-02,600519,13:41:11,1440.1300,3,2
2026-03-02,600519,13:41:14,1440.1300,1,2
2026-03-02,600519,13:41:17,1440.1200,1,2
2026-03-02,600519,13:41:20,1440.1200,1,2
2026-03-02,600519,13:41:23,1440.1200,2,2
2026-03-02,600519,13:41:26,1440.1100,3,2
2026-03-02,600519,13:41:29,1440.1100,1,2
2026-03-02,600519,13:41:32,1440.1200,1,1
2026-03-02,600519,13:41:35,1440.1200,2,1
2026-03-02,600519,13:41:38,1440.1100,5,2
2026-03-02,600519,13:41:41,1440.1200,1,4
2026-03-02,600519,13:41:44,1440.1200,4,2
2026-03-02,600519,13:41:47,1440.1200,1,4
2026-03-02,600519,13:41:53,1440.1200,2,1
2026-03-02,600519,13:41:56,1440.1300,7,1
2026-03-02,600519,13:41:59,1440.2100,8,1
2026-03-02,600519,13:42:02,1440.5000,4,1
2026-03-02,600519,13:42:05,1440.5000,8,1
2026-03-02,600519,13:42:08,1440.6600,1,1
2026-03-02,600519,13:42:20,1440.6700,4,1
2026-03-02,600519,13:42:23,1440.9000,13,1
2026-03-02,600519,13:42:26,1440.9600,4,1
2026-03-02,600519,13:42:29,1440.9900,12,1
2026-03-02,600519,13:42:32,1440.9700,4,2
2026-03-02,600519,13:42:35,1441.0000,1,1
2026-03-02,600519,13:42:38,1441.0000,1,1
2026-03-02,600519,13:42:41,1440.9700,5,2
2026-03-02,600519,13:42:44,1441.0000,2,1
2026-03-02,600519,13:42:47,1440.9800,3,2
2026-03-02,600519,13:42:50,1440.9800,2,2
2026-03-02,600519,13:42:53,1441.0000,32,1
2026-03-02,600519,13:42:56,1440.7900,2,2
2026-03-02,600519,13:42:59,1440.9500,1,1
2026-03-02,600519,13:43:02,1440.9600,1,1
2026-03-02,600519,13:43:05,1440.7900,2,2
2026-03-02,600519,13:43:09,1440.6899,5,2
2026-03-02,600519,13:43:11,1440.8101,1,1
2026-03-02,600519,13:43:14,1440.7000,15,2
2026-03-02,600519,13:43:17,1440.7000,2,2
2026-03-02,600519,13:43:20,1440.7000,7,2
2026-03-02,600519,13:43:23,1440.5601,1,2
2026-03-02,600519,13:43:26,1440.7000,5,1
2026-03-02,600519,13:43:29,1440.7900,4,1
2026-03-02,600519,13:43:35,1440.7900,1,1
2026-03-02,600519,13:43:38,1440.8000,6,1
2026-03-02,600519,13:43:41,1440.7000,1,2
2026-03-02,600519,13:43:44,1440.6899,2,2
2026-03-02,600519,13:43:47,1440.7100,1,2
2026-03-02,600519,13:43:50,1440.7100,2,2
2026-03-02,600519,13:43:53,1440.7100,1,1
2026-03-02,600519,13:43:56,1440.7100,1,1
2026-03-02,600519,13:43:59,1440.6899,5,2
2026-03-02,600519,13:44:02,1440.0000,53,2
2026-03-02,600519,13:44:05,1439.7100,17,2
2026-03-02,600519,13:44:08,1439.6000,22,2
2026-03-02,600519,13:44:11,1439.5100,4,2
2026-03-02,600519,13:44:14,1439.5601,2,1
2026-03-02,600519,13:44:17,1439.5200,5,2
2026-03-02,600519,13:44:20,1439.6000,2,1
2026-03-02,600519,13:44:23,1439.5100,6,2
2026-03-02,600519,13:44:29,1439.0000,30,2
2026-03-02,600519,13:44:32,1439.1100,2,2
2026-03-02,600519,13:44:41,1439.0000,5,2
2026-03-02,600519,13:44:47,1439.1000,1,1
2026-03-02,600519,13:44:50,1439.1000,5,1
2026-03-02,600519,13:44:53,1439.0000,73,2
2026-03-02,600519,13:44:56,1439.1000,14,1
2026-03-02,600519,13:44:59,1439.4200,2,2
2026-03-02,600519,13:45:02,1439.3900,1,2
2026-03-02,600519,13:45:05,1439.0699,13,2
2026-03-02,600519,13:45:08,1439.1000,3,2
2026-03-02,600519,13:45:11,1440.0000,40,1
2026-03-02,600519,13:45:14,1440.0100,10,2
2026-03-02,600519,13:45:17,1440.0200,1,2
2026-03-02,600519,13:45:20,1440.0100,5,2
2026-03-02,600519,13:45:23,1440.0000,8,2
2026-03-02,600519,13:45:26,1440.0000,1,2
2026-03-02,600519,13:45:29,1440.3800,1,1
2026-03-02,600519,13:45:32,1440.0300,8,2
2026-03-02,600519,13:45:35,1440.0000,2,2
2026-03-02,600519,13:45:38,1440.0000,3,2
2026-03-02,600519,13:45:47,1440.0100,5,2
2026-03-02,600519,13:45:53,1440.3101,1,1
2026-03-02,600519,13:45:56,1440.2800,1,1
2026-03-02,600519,13:46:02,1440.3000,1,1
2026-03-02,600519,13:46:05,1441.0000,55,1
2026-03-02,600519,13:46:08,1440.3000,7,2
2026-03-02,600519,13:46:11,1440.3000,4,1
2026-03-02,600519,13:46:14,1440.3000,1,2
2026-03-02,600519,13:46:17,1440.3000,7,2
2026-03-02,600519,13:46:20,1440.3000,2,1
2026-03-02,600519,13:46:23,1440.8400,1,1
2026-03-02,600519,13:46:29,1440.7700,2,1
2026-03-02,600519,13:46:35,1440.2600,4,2
2026-03-02,600519,13:46:38,1440.2600,1,2
2026-03-02,600519,13:46:41,1440.5000,3,1
2026-03-02,600519,13:46:44,1441.0000,28,1
2026-03-02,600519,13:46:47,1440.2600,2,2
2026-03-02,600519,13:46:50,1440.2700,7,2
2026-03-02,600519,13:46:53,1440.5000,1,1
2026-03-02,600519,13:46:56,1440.4399,1,1
2026-03-02,600519,13:46:59,1440.4301,3,2
2026-03-02,600519,13:47:02,1440.2300,5,2
2026-03-02,600519,13:47:05,1440.0800,2,2
2026-03-02,600519,13:47:08,1440.1000,1,2
2026-03-02,600519,13:47:14,1440.2300,3,1
2026-03-02,600519,13:47:17,1440.0900,1,2
2026-03-02,600519,13:47:20,1440.0900,1,2
2026-03-02,600519,13:47:26,1440.0900,1,2
2026-03-02,600519,13:47:32,1440.1000,2,2
2026-03-02,600519,13:47:47,1440.1200,4,2
2026-03-02,600519,13:47:53,1440.1100,6,2
2026-03-02,600519,13:47:56,1440.1100,6,1
2026-03-02,600519,13:47:59,1440.0900,4,2
2026-03-02,600519,13:48:02,1440.0900,6,2
2026-03-02,600519,13:48:11,1440.0900,2,1
2026-03-02,600519,13:48:14,1440.0699,2,4
2026-03-02,600519,13:48:17,1440.0699,2,1
2026-03-02,600519,13:48:23,1440.0601,4,2
2026-03-02,600519,13:48:26,1440.0601,1,4
2026-03-02,600519,13:48:32,1440.0500,8,2
2026-03-02,600519,13:48:35,1440.0100,3,2
2026-03-02,600519,13:48:38,1440.0100,1,2
2026-03-02,600519,13:48:41,1440.0100,1,2
2026-03-02,600519,13:48:44,1440.0200,1,4
2026-03-02,600519,13:48:47,1440.0200,23,2
2026-03-02,600519,13:48:50,1440.0000,1,1
2026-03-02,600519,13:48:53,1439.9900,5,1
2026-03-02,600519,13:48:56,1439.7900,2,2
2026-03-02,600519,13:48:59,1439.7800,9,2
2026-03-02,600519,13:49:02,1439.7900,4,1
2026-03-02,600519,13:49:05,1440.0000,1,1
2026-03-02,600519,13:49:08,1440.0000,1,1
2026-03-02,600519,13:49:11,1439.9800,2,1
2026-03-02,600519,13:49:14,1439.8300,3,2
2026-03-02,600519,13:49:20,1440.0000,2,1
2026-03-02,600519,13:49:23,1440.0000,19,1
2026-03-02,600519,13:49:26,1439.8600,11,2
2026-03-02,600519,13:49:29,1439.9900,2,1
2026-03-02,600519,13:49:38,1440.0000,2,1
2026-03-02,600519,13:49:41,1439.8900,6,2
2026-03-02,600519,13:49:44,1440.0100,1,1
2026-03-02,600519,13:49:47,1439.9200,4,2
2026-03-02,600519,13:49:50,1439.9000,3,2
2026-03-02,600519,13:49:53,1439.9000,3,2
2026-03-02,600519,13:49:56,1439.9800,5,1
2026-03-02,600519,13:49:59,1439.9301,2,2
2026-03-02,600519,13:50:02,1439.9301,4,2
2026-03-02,600519,13:50:05,1439.9301,5,2
2026-03-02,600519,13:50:08,1439.9000,2,2
2026-03-02,600519,13:50:11,1439.9200,4,1
2026-03-02,600519,13:50:14,1439.9000,2,2
2026-03-02,600519,13:50:17,1439.9301,1,1
2026-03-02,600519,13:50:23,1439.9301,2,2
2026-03-02,600519,13:50:26,1439.9301,2,2
2026-03-02,600519,13:50:32,1439.9200,23,2
2026-03-02,600519,13:50:35,1439.9200,1,1
2026-03-02,600519,13:50:38,1439.9200,1,1
2026-03-02,600519,13:50:41,1439.9000,2,4
2026-03-02,600519,13:50:44,1439.9200,1,1
2026-03-02,600519,13:50:47,1439.9000,1,2
2026-03-02,600519,13:50:50,1439.9399,8,1
2026-03-02,600519,13:50:53,1439.9500,1,2
2026-03-02,600519,13:50:56,1439.9399,3,2
2026-03-02,600519,13:50:59,1439.9399,1,2
2026-03-02,600519,13:51:02,1439.9700,5,1
2026-03-02,600519,13:51:05,1439.9700,1,2
2026-03-02,600519,13:51:08,1439.9700,1,2
2026-03-02,600519,13:51:11,1439.9399,3,2
2026-03-02,600519,13:51:14,1439.9800,1,1
2026-03-02,600519,13:51:17,1439.9500,3,2
2026-03-02,600519,13:51:20,1439.9800,2,1
2026-03-02,600519,13:51:23,1439.9500,2,2
2026-03-02,600519,13:51:26,1439.9800,6,1
2026-03-02,600519,13:51:29,1440.0000,63,1
2026-03-02,600519,13:51:32,1440.1100,19,1
2026-03-02,600519,13:51:35,1440.4301,2,1
2026-03-02,600519,13:51:38,1440.1200,30,2
2026-03-02,600519,13:51:41,1440.0699,2,2
2026-03-02,600519,13:51:44,1440.2500,1,1
2026-03-02,600519,13:51:47,1440.2500,1,1
2026-03-02,600519,13:51:50,1440.0900,1,2
2026-03-02,600519,13:51:56,1440.0900,3,2
2026-03-02,600519,13:51:59,1440.2800,1,2
2026-03-02,600519,13:52:02,1440.4500,1,1
2026-03-02,600519,13:52:05,1440.4700,3,1
2026-03-02,600519,13:52:08,1440.4900,3,1
2026-03-02,600519,13:52:14,1440.3199,9,2
2026-03-02,600519,13:52:20,1440.4900,2,1
2026-03-02,600519,13:52:26,1440.5000,8,1
2026-03-02,600519,13:52:35,1440.3800,3,2
2026-03-02,600519,13:52:38,1440.4200,3,2
2026-03-02,600519,13:52:41,1440.4900,1,1
2026-03-02,600519,13:52:44,1440.4200,4,2
2026-03-02,600519,13:52:47,1440.4200,8,2
2026-03-02,600519,13:52:50,1440.4200,1,1
2026-03-02,600519,13:52:53,1440.3600,1,2
2026-03-02,600519,13:52:56,1440.3600,1,2
2026-03-02,600519,13:52:59,1440.3700,1,2
2026-03-02,600519,13:53:02,1440.4200,1,1
2026-03-02,600519,13:53:05,1440.3600,4,2
2026-03-02,600519,13:53:08,1440.4200,4,1
2026-03-02,600519,13:53:14,1440.3400,2,2
2026-03-02,600519,13:53:17,1440.3900,1,1
2026-03-02,600519,13:53:23,1440.3600,3,2
2026-03-02,600519,13:53:29,1440.3900,2,2
2026-03-02,600519,13:53:32,1440.3400,4,2
2026-03-02,600519,13:53:35,1440.3600,3,1
2026-03-02,600519,13:53:38,1440.3500,1,4
2026-03-02,600519,13:53:41,1440.3600,1,1
2026-03-02,600519,13:53:47,1440.3900,3,1
2026-03-02,600519,13:53:53,1440.3600,3,2
2026-03-02,600519,13:53:56,1440.3600,1,2
2026-03-02,600519,13:53:59,1440.3400,12,2
2026-03-02,600519,13:54:02,1440.3600,1,4
2026-03-02,600519,13:54:05,1440.3300,6,2
2026-03-02,600519,13:54:08,1440.3800,2,1
2026-03-02,600519,13:54:11,1440.3300,1,2
2026-03-02,600519,13:54:17,1440.3400,1,2
2026-03-02,600519,13:54:23,1440.3400,2,2
2026-03-02,600519,13:54:26,1440.3400,1,1
2026-03-02,600519,13:54:29,1440.3700,2,1
2026-03-02,600519,13:54:32,1440.3400,2,2
2026-03-02,600519,13:54:35,1440.3300,6,2
2026-03-02,600519,13:54:38,1440.3199,3,2
2026-03-02,600519,13:54:41,1440.3300,2,1
2026-03-02,600519,13:54:44,1440.3199,2,2
2026-03-02,600519,13:54:47,1440.3101,4,2
2026-03-02,600519,13:54:50,1440.2500,5,2
2026-03-02,600519,13:54:53,1440.1100,1,2
2026-03-02,600519,13:54:56,1440.0100,3,2
2026-03-02,600519,13:54:59,1440.0601,4,2
2026-03-02,600519,13:55:02,1440.0601,5,2
2026-03-02,600519,13:55:05,1440.1200,4,1
2026-03-02,600519,13:55:08,1439.9800,7,2
2026-03-02,600519,13:55:11,1439.9600,4,2
2026-03-02,600519,13:55:14,1439.9000,5,2
2026-03-02,600519,13:55:17,1439.9301,2,2
2026-03-02,600519,13:55:20,1439.9000,2,2
2026-03-02,600519,13:55:29,1439.9100,6,1
2026-03-02,600519,13:55:35,1439.8900,3,1
2026-03-02,600519,13:55:38,1439.8000,4,2
2026-03-02,600519,13:55:41,1439.8800,4,2
2026-03-02,600519,13:55:44,1439.8101,1,2
2026-03-02,600519,13:55:47,1439.9100,2,1
2026-03-02,600519,13:55:50,1439.9000,1,1
2026-03-02,600519,13:55:56,1439.8199,1,2
2026-03-02,600519,13:56:05,1439.9100,2,1
2026-03-02,600519,13:56:08,1439.8700,15,2
2026-03-02,600519,13:56:11,1439.9100,5,2
2026-03-02,600519,13:56:14,1439.8900,4,2
2026-03-02,600519,13:56:17,1439.9100,1,2
2026-03-02,600519,13:56:23,1439.8900,2,2
2026-03-02,600519,13:56:26,1439.8800,3,2
2026-03-02,600519,13:56:29,1439.8800,5,2
2026-03-02,600519,13:56:32,1439.9000,2,2
2026-03-02,600519,13:56:35,1439.8800,1,2
2026-03-02,600519,13:56:38,1439.8800,3,2
2026-03-02,600519,13:56:41,1439.8800,5,2
2026-03-02,600519,13:56:44,1439.8800,2,2
2026-03-02,600519,13:56:53,1439.8800,1,2
2026-03-02,600519,13:56:56,1439.8900,4,1
2026-03-02,600519,13:56:59,1439.8800,6,2
2026-03-02,600519,13:57:02,1439.8800,1,2
2026-03-02,600519,13:57:05,1439.8800,6,2
2026-03-02,600519,13:57:08,1439.8700,7,2
2026-03-02,600519,13:57:11,1439.8700,3,1
2026-03-02,600519,13:57:17,1439.8600,2,1
2026-03-02,600519,13:57:20,1439.8600,4,1
2026-03-02,600519,13:57:23,1439.8500,7,2
2026-03-02,600519,13:57:26,1439.8199,8,2
2026-03-02,600519,13:57:29,1439.8000,2,2
2026-03-02,600519,13:57:35,1439.8500,1,1
2026-03-02,600519,13:57:38,1439.8000,6,2
2026-03-02,600519,13:57:41,1439.7900,4,2
2026-03-02,600519,13:57:47,1439.7900,3,2
2026-03-02,600519,13:57:50,1439.7900,4,2
2026-03-02,600519,13:57:56,1439.7900,3,2
2026-03-02,600519,13:57:59,1439.7800,8,2
2026-03-02,600519,13:58:02,1439.8000,5,1
2026-03-02,600519,13:58:05,1439.7900,10,2
2026-03-02,600519,13:58:14,1439.7000,7,2
2026-03-02,600519,13:58:17,1439.6100,2,2
2026-03-02,600519,13:58:20,1439.6000,3,2
2026-03-02,600519,13:58:23,1439.6000,2,2
2026-03-02,600519,13:58:26,1439.5699,2,2
2026-03-02,600519,13:58:32,1439.5000,3,2
2026-03-02,600519,13:58:38,1439.5000,2,2
2026-03-02,600519,13:58:41,1439.4800,4,2
2026-03-02,600519,13:58:44,1439.3900,4,2
2026-03-02,600519,13:58:50,1439.0000,20,2
2026-03-02,600519,13:58:56,1439.1000,1,2
2026-03-02,600519,13:58:59,1439.1200,10,2
2026-03-02,600519,13:59:02,1439.5000,17,1
2026-03-02,600519,13:59:05,1439.4700,7,2
2026-03-02,600519,13:59:08,1439.5100,1,1
2026-03-02,600519,13:59:11,1439.5000,2,2
2026-03-02,600519,13:59:14,1439.5100,6,1
2026-03-02,600519,13:59:17,1439.4600,2,2
2026-03-02,600519,13:59:20,1439.5200,1,1
2026-03-02,600519,13:59:23,1439.5100,2,2
2026-03-02,600519,13:59:32,1439.2100,3,2
2026-03-02,600519,13:59:35,1439.2100,4,2
2026-03-02,600519,13:59:38,1439.2000,1,2
2026-03-02,600519,13:59:41,1439.2200,1,1
2026-03-02,600519,13:59:44,1439.2200,6,1
2026-03-02,600519,13:59:47,1439.2300,1,2
2026-03-02,600519,13:59:50,1439.2600,3,2
2026-03-02,600519,13:59:53,1439.4900,5,1
2026-03-02,600519,13:59:56,1439.2300,3,2
2026-03-02,600519,13:59:59,1439.2300,3,2
2026-03-02,600519,14:00:02,1439.6000,10,1
2026-03-02,600519,14:00:05,1439.7600,14,1
2026-03-02,600519,14:00:08,1439.8700,11,1
2026-03-02,600519,14:00:11,1439.7900,3,4
2026-03-02,600519,14:00:14,1440.2500,18,1
2026-03-02,600519,14:00:17,1439.9200,7,2
2026-03-02,600519,14:00:20,1439.9301,2,2
2026-03-02,600519,14:00:26,1440.1400,1,1
2026-03-02,600519,14:00:29,1440.1400,2,1
2026-03-02,600519,14:00:32,1440.1500,1,1
2026-03-02,600519,14:00:35,1440.1400,1,1
2026-03-02,600519,14:00:38,1441.0000,48,1
2026-03-02,600519,14:00:41,1440.9600,4,1
2026-03-02,600519,14:00:44,1440.6300,1,2
2026-03-02,600519,14:00:47,1440.6801,3,2
2026-03-02,600519,14:00:50,1440.6801,1,2
2026-03-02,600519,14:00:53,1440.6899,2,2
2026-03-02,600519,14:00:56,1440.6801,4,2
2026-03-02,600519,14:00:59,1440.8800,5,1
2026-03-02,600519,14:01:02,1440.9900,16,1
2026-03-02,600519,14:01:05,1440.9900,6,2
2026-03-02,600519,14:01:14,1441.0000,8,1
2026-03-02,600519,14:01:17,1441.0000,7,1
2026-03-02,600519,14:01:20,1441.4399,8,1
2026-03-02,600519,14:01:26,1441.5800,1,1
2026-03-02,600519,14:01:29,1441.5500,3,1
2026-03-02,600519,14:01:32,1441.2500,2,2
2026-03-02,600519,14:01:35,1441.2300,4,2
2026-03-02,600519,14:01:38,1441.2300,7,2
2026-03-02,600519,14:01:41,1441.2300,2,2
2026-03-02,600519,14:01:44,1441.3900,1,2
2026-03-02,600519,14:01:47,1441.5601,3,2
2026-03-02,600519,14:01:50,1441.5601,1,2
2026-03-02,600519,14:01:53,1441.5400,2,2
2026-03-02,600519,14:01:59,1441.5400,3,2
2026-03-02,600519,14:02:05,1441.4700,2,2
2026-03-02,600519,14:02:08,1441.5300,1,1
2026-03-02,600519,14:02:11,1441.4100,2,2
2026-03-02,600519,14:02:14,1441.4100,2,1
2026-03-02,600519,14:02:17,1441.2300,7,2
2026-03-02,600519,14:02:20,1441.2000,30,2
2026-03-02,600519,10:31:17,1436.9900,8,2
2026-03-02,600519,10:31:20,1437.0400,7,1
2026-03-02,600519,10:31:23,1436.9900,1,2
2026-03-02,600519,10:31:26,1436.9900,4,2
2026-03-02,600519,10:31:29,1436.9301,8,2
2026-03-02,600519,10:31:32,1436.9301,12,1
2026-03-02,600519,10:31:35,1437.0699,28,1
2026-03-02,600519,10:31:38,1437.1000,35,1
2026-03-02,600519,10:31:41,1437.0699,37,2
2026-03-02,600519,10:31:44,1437.4600,7,1
2026-03-02,600519,10:31:47,1437.1000,4,2
2026-03-02,600519,10:31:50,1437.3800,3,1
2026-03-02,600519,10:31:53,1437.3500,4,1
2026-03-02,600519,10:31:56,1436.9000,27,2
2026-03-02,600519,10:31:59,1437.0000,1,2
2026-03-02,600519,10:32:02,1437.3700,15,1
2026-03-02,600519,10:32:05,1436.9900,5,1
2026-03-02,600519,10:32:08,1436.8900,3,2
2026-03-02,600519,10:32:11,1436.9800,8,1
2026-03-02,600519,10:32:14,1436.9100,3,2
2026-03-02,600519,10:32:17,1436.9800,1,1
2026-03-02,600519,10:32:20,1436.9900,24,1
2026-03-02,600519,10:32:23,1436.9800,9,1
2026-03-02,600519,10:32:26,1437.0100,6,2
2026-03-02,600519,10:32:29,1437.0900,45,1
2026-03-02,600519,10:32:32,1437.0900,1,1
2026-03-02,600519,10:32:35,1437.0900,10,1
2026-03-02,600519,10:32:38,1437.2800,3,1
2026-03-02,600519,10:32:41,1437.1000,11,2
2026-03-02,600519,10:32:44,1437.3000,5,1
2026-03-02,600519,10:32:47,1437.7100,8,1
2026-03-02,600519,10:32:50,1438.0000,20,1
2026-03-02,600519,10:32:53,1438.1400,3,4
2026-03-02,600519,10:32:56,1438.1500,3,2
2026-03-02,600519,10:32:59,1438.1400,13,2
2026-03-02,600519,10:33:02,1438.2300,14,1
2026-03-02,600519,10:33:05,1438.2400,4,1
2026-03-02,600519,10:33:08,1438.5000,5,1
2026-03-02,600519,10:33:11,1438.6400,45,1
2026-03-02,600519,10:33:14,1438.8400,11,1
2026-03-02,600519,10:33:17,1439.0200,7,1
2026-03-02,600519,10:33:20,1438.9900,4,2
2026-03-02,600519,10:33:23,1439.0000,7,1
2026-03-02,600519,10:33:26,1439.3900,10,1
2026-03-02,600519,10:33:29,1439.3900,4,2
2026-03-02,600519,10:33:32,1439.2900,14,2
2026-03-02,600519,10:33:35,1438.9200,19,2
2026-03-02,600519,10:33:38,1438.9800,12,1
2026-03-02,600519,10:33:41,1438.0000,29,2
2026-03-02,600519,10:33:44,1438.9500,1,1
2026-03-02,600519,10:33:47,1438.9500,2,1
2026-03-02,600519,10:33:50,1438.9399,2,1
2026-03-02,600519,10:33:53,1438.9600,12,1
2026-03-02,600519,10:33:56,1439.2700,12,1
2026-03-02,600519,10:33:59,1438.9900,3,2
2026-03-02,600519,10:34:02,1440.0000,28,1
2026-03-02,600519,10:34:05,1439.0300,4,2
2026-03-02,600519,10:34:08,1439.8900,1,1
2026-03-02,600519,10:34:11,1439.0100,9,2
2026-03-02,600519,10:34:14,1438.9900,4,2
2026-03-02,600519,10:34:17,1439.0100,7,1
2026-03-02,600519,10:34:20,1439.1700,20,1
2026-03-02,600519,10:34:23,1439.1899,17,2
2026-03-02,600519,10:34:26,1439.1899,23,2
2026-03-02,600519,10:34:29,1439.1600,3,1
2026-03-02,600519,10:34:32,1439.1600,9,1
2026-03-02,600519,10:34:35,1439.1600,6,1
2026-03-02,600519,10:34:38,1439.1600,3,1
2026-03-02,600519,10:34:41,1439.1600,2,1
2026-03-02,600519,10:34:44,1439.1700,2,1
2026-03-02,600519,10:34:47,1439.1899,6,1
2026-03-02,600519,10:34:50,1439.1700,4,1
2026-03-02,600519,10:34:53,1439.1700,6,1
2026-03-02,600519,10:34:56,1439.1700,6,2
2026-03-02,600519,10:34:59,1439.1801,10,1
2026-03-02,600519,10:35:02,1439.1200,8,1
2026-03-02,600519,10:35:05,1439.1300,6,1
2026-03-02,600519,10:35:11,1439.1700,6,1
2026-03-02,600519,10:35:14,1439.1700,3,1
2026-03-02,600519,10:35:17,1439.1500,1,1
2026-03-02,600519,10:35:20,1439.0800,20,2
2026-03-02,600519,10:35:23,1439.0699,4,1
2026-03-02,600519,10:35:26,1439.0000,4,2
2026-03-02,600519,10:35:29,1439.0000,6,1
2026-03-02,600519,10:35:32,1438.9700,1,2
2026-03-02,600519,10:35:35,1438.9500,9,2
2026-03-02,600519,10:35:38,1438.9500,4,2
2026-03-02,600519,10:35:41,1438.9399,1,1
2026-03-02,600519,10:35:44,1438.9500,6,1
2026-03-02,600519,10:35:50,1438.8900,1,1
2026-03-02,600519,10:35:53,1438.9000,2,1
2026-03-02,600519,10:35:56,1438.9000,2,1
2026-03-02,600519,10:35:59,1438.8800,2,2
2026-03-02,600519,10:36:02,1438.8700,4,1
2026-03-02,600519,10:36:05,1438.8700,10,1
2026-03-02,600519,10:36:08,1438.9399,3,1
2026-03-02,600519,10:36:11,1438.9500,10,1
2026-03-02,600519,10:36:14,1439.2400,11,1
2026-03-02,600519,10:36:17,1439.2500,5,2
2026-03-02,600519,10:36:23,1439.9100,1,1
2026-03-02,600519,10:36:26,1439.8500,6,1
2026-03-02,600519,10:36:29,1439.9900,3,1
2026-03-02,600519,10:36:32,1439.9200,2,2
2026-03-02,600519,10:36:35,1439.9700,2,1
2026-03-02,600519,10:36:38,1439.9900,9,1
2026-03-02,600519,10:36:41,1440.0000,17,1
2026-03-02,600519,10:36:44,1440.0000,6,2
2026-03-02,600519,10:36:50,1440.5400,3,1
2026-03-02,600519,10:36:53,1440.6200,8,1
2026-03-02,600519,10:36:56,1440.6200,2,2
2026-03-02,600519,10:36:59,1440.6100,3,2
2026-03-02,600519,10:37:02,1440.6600,4,1
2026-03-02,600519,10:37:05,1440.6700,7,1
2026-03-02,600519,10:37:08,1440.8199,12,1
2026-03-02,600519,10:37:14,1441.0900,1,2
2026-03-02,600519,10:37:17,1440.8300,13,2
2026-03-02,600519,10:37:20,1441.4800,4,1
2026-03-02,600519,10:37:23,1441.5000,10,1
2026-03-02,600519,10:37:26,1441.9800,1,1
2026-03-02,600519,10:37:32,1441.5800,9,2
2026-03-02,600519,10:37:35,1441.7900,1,1
2026-03-02,600519,10:37:38,1441.7000,7,1
2026-03-02,600519,10:37:41,1441.5400,1,2
2026-03-02,600519,10:37:44,1441.6200,7,1
2026-03-02,600519,10:37:47,1442.0000,5,1
2026-03-02,600519,10:37:50,1442.0000,3,1
2026-03-02,600519,10:37:53,1442.0000,6,2
2026-03-02,600519,10:37:56,1442.0800,5,1
2026-03-02,600519,10:37:59,1442.0500,8,1
2026-03-02,600519,10:38:02,1441.9100,2,1
2026-03-02,600519,10:38:05,1441.9000,1,1
2026-03-02,600519,10:38:08,1441.9100,4,1
2026-03-02,600519,10:38:11,1441.8000,7,2
2026-03-02,600519,10:38:14,1441.8101,1,2
2026-03-02,600519,10:38:17,1441.8000,5,2
2026-03-02,600519,10:38:20,1441.8000,14,2
2026-03-02,600519,10:38:23,1441.8000,2,2
2026-03-02,600519,10:38:32,1441.8900,2,1
2026-03-02,600519,10:38:35,1441.9000,5,1
2026-03-02,600519,10:38:38,1441.8101,1,2
2026-03-02,600519,10:38:41,1441.8800,2,1
2026-03-02,600519,10:38:44,1441.8700,2,1
2026-03-02,600519,10:38:47,1441.8500,2,2
2026-03-02,600519,10:38:50,1441.7900,3,2
2026-03-02,600519,10:38:59,1441.8000,1,1
2026-03-02,600519,10:39:02,1441.7000,11,2
2026-03-02,600519,10:39:05,1441.7000,11,1
2026-03-02,600519,10:39:08,1441.5800,7,2
2026-03-02,600519,10:39:11,1441.6400,3,1
2026-03-02,600519,10:39:14,1441.5900,6,1
2026-03-02,600519,10:39:17,1441.5900,11,1
2026-03-02,600519,10:39:20,1441.5699,7,1
2026-03-02,600519,10:39:23,1441.5900,4,1
2026-03-02,600519,10:39:26,1441.5900,3,1
2026-03-02,600519,10:39:29,1441.8600,10,1
2026-03-02,600519,10:39:32,1442.5500,5,1
2026-03-02,600519,10:39:35,1442.5800,3,1
2026-03-02,600519,10:39:38,1442.6000,3,1
2026-03-02,600519,10:39:44,1442.7800,10,1
2026-03-02,600519,10:39:47,1442.6100,1,2
2026-03-02,600519,10:39:50,1442.6000,4,2
2026-03-02,600519,10:39:53,1442.5900,7,2
2026-03-02,600519,10:39:56,1442.6000,3,2
2026-03-02,600519,10:39:59,1442.6000,1,2
2026-03-02,600519,10:40:02,1442.8700,1,1
2026-03-02,600519,10:40:05,1441.9200,3,2
2026-03-02,600519,10:40:08,1442.6000,2,1
2026-03-02,600519,10:40:11,1442.0000,2,2
2026-03-02,600519,10:40:14,1442.0000,1,2
2026-03-02,600519,10:40:17,1442.0100,1,2
2026-03-02,600519,10:40:20,1442.0000,1,2
2026-03-02,600519,10:40:23,1442.0100,6,1
2026-03-02,600519,10:40:26,1442.1100,3,2
2026-03-02,600519,10:40:35,1442.0699,2,2
2026-03-02,600519,10:40:38,1442.5699,1,1
2026-03-02,600519,10:40:44,1442.0699,1,2
2026-03-02,600519,10:40:47,1442.0699,1,2
2026-03-02,600519,10:40:50,1442.5699,2,1
2026-03-02,600519,10:40:53,1442.3199,13,2
2026-03-02,600519,10:40:56,1442.5699,4,1
2026-03-02,600519,10:40:59,1442.5699,2,2
2026-03-02,600519,10:41:02,1443.0000,14,1
2026-03-02,600519,10:41:05,1442.9200,18,2
2026-03-02,600519,10:41:08,1442.9100,2,2
2026-03-02,600519,10:41:11,1442.9100,3,2
2026-03-02,600519,10:41:14,1442.9100,5,2
2026-03-02,600519,10:41:17,1442.8600,1,2
2026-03-02,600519,10:41:23,1443.4399,20,1
2026-03-02,600519,10:41:29,1443.4301,2,1
2026-03-02,600519,10:41:32,1443.4301,1,2
2026-03-02,600519,10:41:35,1443.4301,1,1
2026-03-02,600519,10:41:38,1443.4301,3,1
2026-03-02,600519,10:41:41,1443.4301,2,1
2026-03-02,600519,10:41:47,1442.7100,1,2
2026-03-02,600519,10:41:50,1443.4301,4,1
2026-03-02,600519,10:41:53,1443.4200,1,1
2026-03-02,600519,10:41:56,1443.0699,3,2
2026-03-02,600519,10:41:59,1443.4000,3,1
2026-03-02,600519,10:42:02,1443.4200,1,2
2026-03-02,600519,10:42:05,1443.0699,21,2
2026-03-02,600519,10:42:11,1443.3700,2,1
2026-03-02,600519,10:42:14,1443.0400,3,2
2026-03-02,600519,10:42:17,1442.7000,1,2
2026-03-02,600519,10:42:20,1443.0300,5,1
2026-03-02,600519,10:42:26,1442.7000,4,2
2026-03-02,600519,10:42:29,1442.5699,8,2
2026-03-02,600519,10:42:35,1442.1200,2,2
2026-03-02,600519,10:42:38,1442.1600,3,2
2026-03-02,600519,10:42:41,1442.1600,1,2
2026-03-02,600519,10:42:44,1442.1200,14,2
2026-03-02,600519,10:42:47,1442.1200,2,2
2026-03-02,600519,10:42:50,1442.0699,5,2
2026-03-02,600519,10:42:53,1442.0500,3,2
2026-03-02,600519,10:42:56,1442.0800,4,1
2026-03-02,600519,10:42:59,1442.0800,3,1
2026-03-02,600519,10:43:02,1442.1200,4,1
2026-03-02,600519,10:43:05,1442.0200,3,2
2026-03-02,600519,10:43:08,1442.1000,2,1
2026-03-02,600519,10:43:11,1442.0800,1,2
2026-03-02,600519,10:43:14,1442.0100,24,2
2026-03-02,600519,10:43:17,1442.0100,4,2
2026-03-02,600519,10:43:20,1442.0100,7,1
2026-03-02,600519,10:43:23,1442.0800,4,1
2026-03-02,600519,10:43:26,1442.0800,1,1
2026-03-02,600519,10:43:29,1442.0500,3,2
2026-03-02,600519,10:43:32,1442.0900,7,1
2026-03-02,600519,10:43:35,1442.0500,2,2
2026-03-02,600519,10:43:41,1442.0500,7,2
2026-03-02,600519,10:43:44,1442.0500,2,2
2026-03-02,600519,10:43:47,1442.0500,2,2
2026-03-02,600519,10:43:50,1442.2100,9,1
2026-03-02,600519,10:43:53,1442.7000,12,1
2026-03-02,600519,10:43:56,1442.2400,20,2
2026-03-02,600519,10:43:59,1442.3300,4,1
2026-03-02,600519,10:44:02,1442.3300,11,1
2026-03-02,600519,10:44:05,1442.2700,2,2
2026-03-02,600519,10:44:08,1442.2600,2,2
2026-03-02,600519,10:44:14,1443.0400,18,1
2026-03-02,600519,10:44:17,1443.0300,7,1
2026-03-02,600519,10:44:20,1443.1000,4,1
2026-03-02,600519,10:44:23,1442.7100,1,2
2026-03-02,600519,10:44:32,1442.7100,2,2
2026-03-02,600519,10:44:35,1443.0000,5,1
2026-03-02,600519,10:44:38,1443.3700,4,1
2026-03-02,600519,10:44:41,1443.4200,6,1
2026-03-02,600519,10:44:44,1443.3500,3,1
2026-03-02,600519,10:44:50,1443.3500,1,1
2026-03-02,600519,10:44:53,1443.3300,3,1
2026-03-02,600519,10:44:59,1443.3000,4,1
2026-03-02,600519,10:45:02,1443.0000,12,2
2026-03-02,600519,10:45:05,1443.6300,4,1
2026-03-02,600519,10:45:08,1443.0000,9,2
2026-03-02,600519,10:45:11,1443.0000,4,2
2026-03-02,600519,10:45:14,1443.3199,3,1
2026-03-02,600519,10:45:17,1443.3199,1,2
2026-03-02,600519,10:45:20,1443.3000,2,1
2026-03-02,600519,10:45:23,1443.0000,1,2
2026-03-02,600519,10:45:26,1443.0000,1,2
2026-03-02,600519,10:45:32,1443.2500,1,1
2026-03-02,600519,10:45:35,1443.2600,5,1
2026-03-02,600519,10:45:38,1443.2500,1,2
2026-03-02,600519,10:45:41,1443.2700,1,1
2026-03-02,600519,10:45:44,1443.0000,1,2
2026-03-02,600519,10:45:50,1443.0000,2,2
2026-03-02,600519,10:45:53,1443.0000,2,2
2026-03-02,600519,10:45:56,1443.0100,5,1
2026-03-02,600519,10:45:59,1443.0100,2,1
2026-03-02,600519,10:46:02,1443.0000,3,2
2026-03-02,600519,10:46:11,1443.0000,2,2
2026-03-02,600519,10:46:14,1443.0000,11,1
2026-03-02,600519,10:46:17,1443.0500,1,2
2026-03-02,600519,10:46:20,1443.1100,1,1
2026-03-02,600519,10:46:23,1443.0900,1,2
2026-03-02,600519,10:46:26,1443.0000,8,2
2026-03-02,600519,10:46:29,1442.9100,10,2
2026-03-02,600519,10:46:32,1442.7300,14,2
2026-03-02,600519,10:46:35,1442.2400,3,2
2026-03-02,600519,10:46:38,1442.2000,2,2
2026-03-02,600519,10:46:44,1442.1801,6,2
2026-03-02,600519,10:46:47,1442.1801,3,2
2026-03-02,600519,10:46:53,1442.1801,3,2
2026-03-02,600519,10:46:56,1442.1801,2,2
2026-03-02,600519,10:46:59,1442.1899,2,1
2026-03-02,600519,10:47:02,1442.2100,17,1
2026-03-02,600519,10:47:05,1442.2300,6,1
2026-03-02,600519,10:47:08,1442.2300,1,2
2026-03-02,600519,10:47:11,1442.2900,1,1
2026-03-02,600519,10:47:14,1442.2900,1,2
2026-03-02,600519,10:47:20,1442.7200,3,1
2026-03-02,600519,10:47:23,1442.2400,1,2
2026-03-02,600519,10:47:26,1442.7300,13,1
2026-03-02,600519,10:47:29,1442.9700,4,1
2026-03-02,600519,10:47:35,1442.8600,2,2
2026-03-02,600519,10:47:41,1442.9200,1,2
2026-03-02,600519,10:47:44,1442.9600,2,1
2026-03-02,600519,10:47:47,1442.9500,13,2
2026-03-02,600519,10:47:50,1443.0500,3,1
2026-03-02,600519,10:47:53,1443.0699,1,2
2026-03-02,600519,10:48:02,1443.0100,12,2
2026-03-02,600519,10:48:05,1443.0900,2,1
2026-03-02,600519,10:48:08,1443.0000,1,2
2026-03-02,600519,10:48:11,1443.0000,2,2
2026-03-02,600519,10:48:14,1443.0200,1,2
2026-03-02,600519,10:48:17,1442.9000,1,2
2026-03-02,600519,10:48:20,1442.9000,1,2
2026-03-02,600519,10:48:23,1442.9000,1,2
2026-03-02,600519,10:48:32,1443.0100,13,1
2026-03-02,600519,10:48:35,1443.3199,44,1
2026-03-02,600519,10:48:38,1443.3199,23,1
2026-03-02,600519,10:48:41,1443.3101,44,1
2026-03-02,600519,10:48:44,1443.3199,15,1
2026-03-02,600519,10:48:50,1443.3199,4,1
2026-03-02,600519,10:48:53,1443.4000,5,1
2026-03-02,600519,10:48:56,1443.3900,1,1
2026-03-02,600519,10:48:59,1443.3700,2,2
2026-03-02,600519,10:49:02,1443.9900,11,1
2026-03-02,600519,10:49:05,1443.3900,1,2
2026-03-02,600519,10:49:08,1443.4000,2,2
2026-03-02,600519,10:49:11,1443.4000,1,2
2026-03-02,600519,10:49:14,1443.4000,36,2
2026-03-02,600519,10:49:17,1443.9301,2,2
2026-03-02,600519,10:49:20,1443.7400,3,2
2026-03-02,600519,10:49:23,1443.9900,5,1
2026-03-02,600519,10:49:26,1443.9900,11,1
2026-03-02,600519,10:49:29,1444.2800,5,1
2026-03-02,600519,10:49:32,1443.9800,2,2
2026-03-02,600519,10:49:35,1443.9700,1,2
2026-03-02,600519,10:49:38,1444.4100,1,1
2026-03-02,600519,10:49:47,1443.5000,2,2
2026-03-02,600519,10:49:50,1443.4100,7,2
2026-03-02,600519,10:50:02,1444.2000,11,1
2026-03-02,600519,10:50:05,1444.0000,6,2
2026-03-02,600519,10:50:08,1443.5000,7,2
2026-03-02,600519,10:50:11,1444.1000,2,1
2026-03-02,600519,10:50:14,1443.5000,2,2
2026-03-02,600519,10:50:17,1443.5000,1,1
2026-03-02,600519,10:50:20,1443.4301,6,2
2026-03-02,600519,10:50:32,1443.4200,3,1
2026-03-02,600519,10:50:35,1443.3800,3,2
2026-03-02,600519,10:50:41,1443.4000,2,1
2026-03-02,600519,10:50:47,1443.3199,5,2
2026-03-02,600519,10:50:50,1443.3199,2,2
2026-03-02,600519,10:50:53,1443.3101,1,2
2026-03-02,600519,10:50:56,1443.3000,2,2
2026-03-02,600519,10:50:59,1443.0000,5,2
2026-03-02,600519,10:51:02,1443.0000,2,2
2026-03-02,600519,10:51:08,1442.7400,1,2
2026-03-02,600519,10:51:14,1443.1400,1,1
2026-03-02,600519,10:51:17,1442.7300,2,2
2026-03-02,600519,10:51:20,1442.7400,7,2
2026-03-02,600519,10:51:26,1442.8400,1,2
2026-03-02,600519,10:51:29,1442.8300,6,1
2026-03-02,600519,10:51:32,1442.7300,4,2
2026-03-02,600519,10:51:41,1442.7300,7,2
2026-03-02,600519,10:51:44,1442.7300,4,2
2026-03-02,600519,10:51:47,1442.7300,1,2
2026-03-02,600519,10:51:50,1442.7300,4,2
2026-03-02,600519,10:51:53,1442.9399,1,1
2026-03-02,600519,10:51:56,1442.7300,3,2
2026-03-02,600519,10:52:02,1442.7000,7,2
2026-03-02,600519,10:52:05,1442.7000,2,2
2026-03-02,600519,10:52:08,1442.7000,1,2
2026-03-02,600519,10:52:11,1443.0000,4,1
2026-03-02,600519,10:52:14,1443.0000,2,2
2026-03-02,600519,10:52:23,1443.0400,1,1
2026-03-02,600519,10:52:26,1443.0000,1,2
2026-03-02,600519,10:52:32,1443.0400,11,1
2026-03-02,600519,10:52:35,1443.0000,2,2
2026-03-02,600519,10:52:38,1443.0000,2,2
2026-03-02,600519,10:52:41,1443.0000,1,2
2026-03-02,600519,10:52:44,1443.0000,1,2
2026-03-02,600519,10:52:47,1442.9000,2,2
2026-03-02,600519,10:52:53,1443.0000,1,1
2026-03-02,600519,10:52:59,1442.9000,7,2
2026-03-02,600519,10:53:02,1442.8300,2,2
2026-03-02,600519,10:53:08,1442.8199,3,1
2026-03-02,600519,10:53:11,1442.7000,7,2
2026-03-02,600519,10:53:14,1442.1899,1,2
2026-03-02,600519,10:53:20,1442.1801,2,2
2026-03-02,600519,10:53:23,1442.1899,5,1
2026-03-02,600519,10:53:26,1442.2900,1,1
2026-03-02,600519,10:53:35,1442.1899,3,2
2026-03-02,600519,10:53:38,1442.1899,3,2
2026-03-02,600519,10:53:41,1442.1801,3,2
2026-03-02,600519,10:53:44,1442.1801,73,2
2026-03-02,600519,10:53:47,1441.6000,28,2
2026-03-02,600519,10:53:50,1440.6500,4,2
2026-03-02,600519,10:53:53,1440.5699,2,2
2026-03-02,600519,10:53:56,1440.9900,3,1
2026-03-02,600519,10:53:59,1440.1000,9,2
2026-03-02,600519,10:54:02,1441.9399,12,1
2026-03-02,600519,10:54:05,1441.0300,5,2
2026-03-02,600519,10:54:11,1441.0000,1,2
2026-03-02,600519,10:54:14,1442.1700,1,1
2026-03-02,600519,10:54:17,1440.9800,1,2
2026-03-02,600519,10:54:20,1440.5400,1,2
2026-03-02,600519,10:54:23,1440.5601,1,2
2026-03-02,600519,10:54:26,1442.1600,1,1
2026-03-02,600519,10:54:29,1440.5601,2,2
2026-03-02,600519,10:54:32,1441.0300,8,1
2026-03-02,600519,10:54:38,1440.5800,4,2
2026-03-02,600519,10:54:44,1440.0601,25,2
2026-03-02,600519,10:54:47,1440.0300,1,2
2026-03-02,600519,10:54:53,1440.0100,4,2
2026-03-02,600519,10:54:56,1440.0500,8,2
2026-03-02,600519,10:54:59,1440.0500,3,2
2026-03-02,600519,10:55:02,1440.0500,2,2
2026-03-02,600519,10:55:05,1440.0100,2,2
2026-03-02,600519,10:55:08,1440.0100,3,2
2026-03-02,600519,10:55:11,1440.0100,1,2
2026-03-02,600519,10:55:17,1440.0300,3,2
2026-03-02,600519,10:55:20,1440.0300,7,2
2026-03-02,600519,10:55:23,1440.0000,7,2
2026-03-02,600519,10:55:26,1440.0000,7,2
2026-03-02,600519,10:55:29,1440.0000,4,2
2026-03-02,600519,10:55:32,1440.0000,3,2
2026-03-02,600519,10:55:35,1440.0000,5,2
2026-03-02,600519,10:55:38,1440.0100,7,1
2026-03-02,600519,10:55:41,1440.0200,2,1
2026-03-02,600519,10:55:44,1440.9700,3,1
2026-03-02,600519,10:55:50,1440.1000,1,2
2026-03-02,600519,10:55:53,1440.5300,1,1
2026-03-02,600519,10:55:56,1440.9700,1,1
2026-03-02,600519,10:56:02,1440.0200,1,2
2026-03-02,600519,10:56:05,1440.0200,2,2
2026-03-02,600519,10:56:08,1440.0200,3,2
2026-03-02,600519,10:56:14,1440.0000,2,2
2026-03-02,600519,10:56:17,1439.9800,55,2
2026-03-02,600519,10:56:20,1439.9301,1,2
