date,code,time,price,volume,bs
2026-02-04,600519,14:06:59,1524.0300,6,2
2026-02-04,600519,14:07:02,1524.0500,28,1
2026-02-04,600519,14:07:05,1524.9600,4,1
2026-02-04,600519,14:07:08,1524.5000,3,1
2026-02-04,600519,14:07:11,1524.0400,1,2
2026-02-04,600519,14:07:14,1524.0300,2,2
2026-02-04,600519,14:07:17,1524.1000,3,2
2026-02-04,600519,14:07:20,1524.1000,5,2
2026-02-04,600519,14:07:23,1524.9399,8,1
2026-02-04,600519,14:07:26,1524.9000,2,1
2026-02-04,600519,14:07:29,1524.9600,10,1
2026-02-04,600519,14:07:32,1524.9700,6,1
2026-02-04,600519,14:07:35,1524.9399,5,2
2026-02-04,600519,14:07:38,1525.0000,21,1
2026-02-04,600519,14:07:41,1524.9600,3,2
2026-02-04,600519,14:07:44,1524.9600,6,2
2026-02-04,600519,14:07:47,1524.9800,5,4
2026-02-04,600519,14:07:50,1524.9600,4,2
2026-02-04,600519,14:07:53,1524.9000,2,2
2026-02-04,600519,14:07:56,1525.0000,23,1
2026-02-04,600519,14:07:59,1524.9500,6,2
2026-02-04,600519,14:08:02,1524.9600,8,1
2026-02-04,600519,14:08:05,1524.9100,3,2
2026-02-04,600519,14:08:08,1524.8900,9,2
2026-02-04,600519,14:08:11,1524.9600,8,1
2026-02-04,600519,14:08:14,1524.9600,7,1
2026-02-04,600519,14:08:17,1524.9600,4,2
2026-02-04,600519,14:08:20,1524.9700,9,1
2026-02-04,600519,14:08:23,1524.9600,2,2
2026-02-04,600519,14:08:26,1524.9600,6,2
2026-02-04,600519,14:08:29,1525.0000,26,1
2026-02-04,600519,14:08:32,1525.0500,32,1
2026-02-04,600519,14:08:35,1525.1000,15,1
2026-02-04,600519,14:08:38,1525.0500,22,2
2026-02-04,600519,14:08:41,1525.1300,12,1
2026-02-04,600519,14:08:44,1525.1000,5,1
2026-02-04,600519,14:08:47,1524.9700,58,2
2026-02-04,600519,14:08:50,1524.0000,23,2
2026-02-04,600519,14:08:53,1523.9500,9,2
2026-02-04,600519,14:08:56,1524.7700,3,1
2026-02-04,600519,14:08:59,1524.7600,3,1
2026-02-04,600519,14:09:02,1523.8700,4,2
2026-02-04,600519,14:09:05,1523.5601,6,2
2026-02-04,600519,14:09:08,1523.8500,3,1
2026-02-04,600519,14:09:11,1523.8500,5,1
2026-02-04,600519,14:09:14,1523.4800,8,2
2026-02-04,600519,14:09:17,1523.8500,5,1
2026-02-04,600519,14:09:20,1523.8500,5,1
2026-02-04,600519,14:09:23,1523.5000,8,1
2026-02-04,600519,14:09:26,1523.4800,6,2
2026-02-04,600519,14:09:29,1523.4399,8,2
2026-02-04,600519,14:09:32,1523.3900,4,2
2026-02-04,600519,14:09:35,1523.4900,4,1
2026-02-04,600519,14:09:41,1523.4900,2,1
2026-02-04,600519,14:09:44,1523.4800,4,2
2026-02-04,600519,14:09:47,1523.4500,3,2
2026-02-04,600519,14:09:50,1523.4500,18,2
2026-02-04,600519,14:09:53,1523.4800,4,1
2026-02-04,600519,14:09:56,1523.4500,3,1
2026-02-04,600519,14:09:59,1523.4500,6,2
2026-02-04,600519,14:10:02,1523.4600,6,2
2026-02-04,600519,14:10:05,1523.4700,10,1
2026-02-04,600519,14:10:08,1523.4800,15,1
2026-02-04,600519,14:10:11,1523.4600,9,2
2026-02-04,600519,14:10:14,1523.4800,1,4
2026-02-04,600519,14:10:17,1523.5000,8,1
2026-02-04,600519,14:10:20,1523.5000,4,2
2026-02-04,600519,14:10:23,1523.4900,3,4
2026-02-04,600519,14:10:26,1523.5000,7,1
2026-02-04,600519,14:10:29,1523.9900,2,1
2026-02-04,600519,14:10:32,1524.0000,8,1
2026-02-04,600519,14:10:35,1524.0000,5,1
2026-02-04,600519,14:10:38,1524.0000,9,2
2026-02-04,600519,14:10:41,1524.6700,5,1
2026-02-04,600519,14:10:44,1524.7000,6,1
2026-02-04,600519,14:10:50,1524.6801,2,1
2026-02-04,600519,14:10:53,1524.6801,7,4
2026-02-04,600519,14:10:56,1523.4600,104,2
2026-02-04,600519,14:10:59,1524.9800,12,1
2026-02-04,600519,14:11:02,1524.6801,21,2
2026-02-04,600519,14:11:05,1524.9700,3,1
2026-02-04,600519,14:11:08,1524.6700,7,1
2026-02-04,600519,14:11:11,1524.2200,2,1
2026-02-04,600519,14:11:14,1523.4500,4,2
2026-02-04,600519,14:11:17,1524.1300,3,1
2026-02-04,600519,14:11:20,1524.1300,1,2
2026-02-04,600519,14:11:23,1524.1300,8,2
2026-02-04,600519,14:11:26,1524.1300,14,2
2026-02-04,600519,14:11:29,1524.4399,5,1
2026-02-04,600519,14:11:32,1524.2400,2,2
2026-02-04,600519,14:11:35,1524.1600,2,2
2026-02-04,600519,14:11:38,1524.4301,2,1
2026-02-04,600519,14:11:41,1524.4399,3,1
2026-02-04,600519,14:11:44,1524.4399,4,2
2026-02-04,600519,14:11:47,1524.4399,4,2
2026-02-04,600519,14:11:50,1524.4100,5,2
2026-02-04,600519,14:11:53,1524.4100,6,2
2026-02-04,600519,14:11:56,1524.4000,78,2
2026-02-04,600519,14:11:59,1524.6899,6,1
2026-02-04,600519,14:12:02,1524.6500,10,1
2026-02-04,600519,14:12:05,1524.2800,5,2
2026-02-04,600519,14:12:08,1524.2800,1,1
2026-02-04,600519,14:12:11,1524.9900,20,1
2026-02-04,600519,14:12:14,1525.6000,139,1
2026-02-04,600519,14:12:17,1525.6100,22,2
2026-02-04,600519,14:12:20,1525.6000,11,2
2026-02-04,600519,14:12:23,1525.6600,4,2
2026-02-04,600519,14:12:26,1525.9100,18,1
2026-02-04,600519,14:12:29,1525.9600,6,1
2026-02-04,600519,14:12:32,1526.5800,154,1
2026-02-04,600519,14:12:35,1526.8800,19,1
2026-02-04,600519,14:12:38,1526.3500,16,2
2026-02-04,600519,14:12:41,1526.7600,22,2
2026-02-04,600519,14:12:44,1526.5601,13,2
2026-02-04,600519,14:12:47,1527.0900,80,1
2026-02-04,600519,14:12:50,1526.2600,5,1
2026-02-04,600519,14:12:53,1526.3300,13,1
2026-02-04,600519,14:12:56,1526.0601,80,2
2026-02-04,600519,14:12:59,1526.6500,22,1
2026-02-04,600519,14:13:02,1526.0300,11,2
2026-02-04,600519,14:13:05,1526.0100,15,2
2026-02-04,600519,14:13:08,1526.0100,9,2
2026-02-04,600519,14:13:11,1526.6500,5,1
2026-02-04,600519,14:13:14,1526.0000,33,2
2026-02-04,600519,14:13:17,1526.6500,9,2
2026-02-04,600519,14:13:20,1526.6500,6,1
2026-02-04,600519,14:13:23,1527.0000,8,1
2026-02-04,600519,14:13:26,1526.1801,5,2
2026-02-04,600519,14:13:29,1525.7000,87,2
2026-02-04,600519,14:13:32,1524.9800,22,2
2026-02-04,600519,14:13:35,1525.0000,38,1
2026-02-04,600519,14:13:38,1525.0000,12,1
2026-02-04,600519,14:13:41,1524.9800,22,2
2026-02-04,600519,14:13:44,1525.0000,10,1
2026-02-04,600519,14:13:47,1525.0000,14,1
2026-02-04,600519,14:13:50,1525.0000,11,1
2026-02-04,600519,14:13:53,1525.0000,9,1
2026-02-04,600519,14:13:56,1524.9800,6,2
2026-02-04,600519,14:13:59,1525.5800,6,1
2026-02-04,600519,14:14:02,1525.0000,13,2
2026-02-04,600519,14:14:05,1526.9700,10,1
2026-02-04,600519,14:14:08,1526.2500,3,2
2026-02-04,600519,14:14:11,1526.2700,5,2
2026-02-04,600519,14:14:14,1527.0000,38,1
2026-02-04,600519,14:14:17,1527.0000,24,1
2026-02-04,600519,14:14:20,1527.0000,38,1
2026-02-04,600519,14:14:23,1526.9900,55,2
2026-02-04,600519,14:14:26,1526.9000,18,2
2026-02-04,600519,14:14:32,1526.3600,7,2
2026-02-04,600519,14:14:35,1526.9200,77,1
2026-02-04,600519,14:14:38,1525.7400,7,2
2026-02-04,600519,14:14:41,1525.7200,16,1
2026-02-04,600519,14:14:44,1525.0300,56,2
2026-02-04,600519,14:14:47,1526.8800,16,1
2026-02-04,600519,14:14:50,1525.0300,10,2
2026-02-04,600519,14:14:53,1526.8700,8,1
2026-02-04,600519,14:14:56,1526.9000,61,1
2026-02-04,600519,14:14:59,1526.9200,8,1
2026-02-04,600519,14:15:02,1526.9700,12,1
2026-02-04,600519,14:15:05,1526.9800,8,1
2026-02-04,600519,14:15:08,1526.9700,30,2
2026-02-04,600519,14:15:11,1526.9800,38,1
2026-02-04,600519,14:15:14,1526.9700,14,2
2026-02-04,600519,14:15:17,1527.0000,20,1
2026-02-04,600519,14:15:20,1526.9700,5,1
2026-02-04,600519,14:15:23,1527.0000,6,1
2026-02-04,600519,14:15:26,1527.0000,10,1
2026-02-04,600519,14:15:29,1526.8900,17,2
2026-02-04,600519,14:15:32,1526.1500,6,2
2026-02-04,600519,14:15:35,1525.3600,1,2
2026-02-04,600519,14:15:38,1526.1200,4,1
2026-02-04,600519,14:15:41,1526.1200,13,1
2026-02-04,600519,14:15:44,1525.2600,5,2
2026-02-04,600519,14:15:47,1526.1200,4,1
2026-02-04,600519,14:15:50,1525.7000,5,1
2026-02-04,600519,14:15:53,1526.0000,23,1
2026-02-04,600519,14:15:56,1526.9800,48,1
2026-02-04,600519,14:15:59,1526.9800,13,1
2026-02-04,600519,14:16:02,1525.6801,1,2
2026-02-04,600519,14:16:05,1525.7100,11,2
2026-02-04,600519,14:16:08,1526.9000,12,1
2026-02-04,600519,14:16:11,1525.5800,6,2
2026-02-04,600519,14:16:14,1526.2800,2,1
2026-02-04,600519,14:16:17,1526.0000,6,2
2026-02-04,600519,14:16:20,1526.9000,13,1
2026-02-04,600519,14:16:23,1526.9800,11,1
2026-02-04,600519,14:16:26,1526.9800,12,1
2026-02-04,600519,14:16:29,1526.3300,4,1
2026-02-04,600519,14:16:32,1526.2800,4,2
2026-02-04,600519,14:16:35,1526.2700,66,2
2026-02-04,600519,14:16:38,1526.9800,10,1
2026-02-04,600519,14:16:41,1527.0000,52,1
2026-02-04,600519,14:16:44,1527.0200,29,1
2026-02-04,600519,14:16:47,1527.4800,26,1
2026-02-04,600519,14:16:50,1527.2100,15,2
2026-02-04,600519,14:16:53,1527.4900,10,1
2026-02-04,600519,14:16:56,1527.5000,27,1
2026-02-04,600519,14:16:59,1527.5500,5,1
2026-02-04,600519,14:17:02,1527.5100,6,2
2026-02-04,600519,14:17:05,1527.9800,11,1
2026-02-04,600519,14:17:08,1527.6600,11,2
2026-02-04,600519,14:17:11,1527.6200,14,2
2026-02-04,600519,14:17:14,1527.9800,5,1
2026-02-04,600519,14:17:17,1528.0000,61,1
2026-02-04,600519,14:17:20,1528.0000,92,1
2026-02-04,600519,14:17:23,1527.6801,14,2
2026-02-04,600519,14:17:26,1528.1000,78,1
2026-02-04,600519,14:17:29,1528.1801,15,1
2026-02-04,600519,14:17:32,1528.2000,7,1
2026-02-04,600519,14:17:35,1528.5000,10,1
2026-02-04,600519,14:17:38,1528.8000,15,1
2026-02-04,600519,14:17:41,1528.8101,4,1
2026-02-04,600519,14:17:44,1528.8199,20,1
2026-02-04,600519,14:17:47,1528.5400,1,2
2026-02-04,600519,14:17:50,1528.8800,31,1
2026-02-04,600519,14:17:53,1528.9800,14,1
2026-02-04,600519,14:17:56,1528.9200,15,2
2026-02-04,600519,14:17:59,1529.0000,9,1
2026-02-04,600519,14:18:02,1529.0000,43,1
2026-02-04,600519,14:18:05,1529.5100,73,1
2026-02-04,600519,14:18:08,1529.5200,60,2
2026-02-04,600519,14:18:11,1529.5300,15,2
2026-02-04,600519,14:18:14,1529.8600,28,1
2026-02-04,600519,14:18:17,1529.0000,13,2
2026-02-04,600519,14:18:20,1529.9200,26,1
2026-02-04,600519,14:18:23,1529.9200,6,1
2026-02-04,600519,14:18:26,1529.0000,79,2
2026-02-04,600519,14:18:29,1529.8500,26,1
2026-02-04,600519,14:18:32,1529.5000,28,2
2026-02-04,600519,14:18:35,1529.6000,11,1
2026-02-04,600519,14:18:38,1529.6100,6,2
2026-02-04,600519,14:18:41,1529.5000,6,2
2026-02-04,600519,14:18:44,1529.9000,21,1
2026-02-04,600519,14:18:47,1529.0100,3,2
2026-02-04,600519,14:18:50,1529.8800,78,1
2026-02-04,600519,14:18:53,1529.8900,23,1
2026-02-04,600519,14:18:56,1529.8000,15,2
2026-02-04,600519,14:18:59,1529.9700,9,1
2026-02-04,600519,14:19:02,1529.9500,13,1
2026-02-04,600519,14:19:05,1529.9800,38,1
2026-02-04,600519,14:19:08,1529.9700,6,1
2026-02-04,600519,14:19:11,1529.9700,11,1
2026-02-04,600519,14:19:14,1529.9000,75,1
2026-02-04,600519,14:19:17,1530.0000,19,1
2026-02-04,600519,14:19:20,1529.8800,8,1
2026-02-04,600519,14:19:23,1529.2300,12,2
2026-02-04,600519,14:19:26,1529.8900,6,1
2026-02-04,600519,14:19:29,1529.8900,63,1
2026-02-04,600519,14:19:32,1529.5000,17,1
2026-02-04,600519,14:19:35,1529.8900,85,2
2026-02-04,600519,14:19:38,1529.9900,212,1
2026-02-04,600519,14:19:41,1529.7900,20,2
2026-02-04,600519,14:19:44,1529.2500,40,2
2026-02-04,600519,14:19:47,1529.2400,73,2
2026-02-04,600519,14:19:50,1529.0000,25,2
2026-02-04,600519,14:19:53,1528.7900,7,2
2026-02-04,600519,14:19:56,1528.7900,4,2
2026-02-04,600519,14:19:59,1528.6899,9,2
2026-02-04,600519,14:20:02,1528.7900,10,2
2026-02-04,600519,14:20:05,1528.7900,3,1
2026-02-04,600519,14:20:08,1528.7300,28,2
2026-02-04,600519,14:20:11,1528.7300,10,2
2026-02-04,600519,14:20:14,1528.7100,5,2
2026-02-04,600519,14:20:17,1528.6300,7,2
2026-02-04,600519,14:20:20,1528.7200,8,1
2026-02-04,600519,14:20:23,1528.5900,4,2
2026-02-04,600519,14:20:26,1528.6600,6,1
2026-02-04,600519,14:20:29,1528.6000,19,2
2026-02-04,600519,14:20:32,1528.6100,3,2
2026-02-04,600519,14:20:35,1528.6801,18,1
2026-02-04,600519,14:20:38,1528.6000,14,2
2026-02-04,600519,14:20:41,1528.5900,9,2
2026-02-04,600519,14:20:44,1528.6700,49,1
2026-02-04,600519,14:20:47,1528.6000,12,2
2026-02-04,600519,14:20:50,1528.5800,7,1
2026-02-04,600519,14:20:53,1528.6300,5,2
2026-02-04,600519,14:20:56,1528.6200,9,2
2026-02-04,600519,14:20:59,1528.6200,3,2
2026-02-04,600519,14:21:02,1528.6100,2,1
2026-02-04,600519,14:21:05,1528.7300,19,1
2026-02-04,600519,14:21:08,1529.0000,42,1
2026-02-04,600519,14:21:11,1528.9900,8,2
2026-02-04,600519,14:21:14,1529.0000,36,1
2026-02-04,600519,14:21:17,1529.2500,4,1
2026-02-04,600519,14:21:20,1529.2100,5,2
2026-02-04,600519,14:21:23,1529.2700,2,1
2026-02-04,600519,14:21:26,1529.7100,22,1
2026-02-04,600519,14:21:29,1529.4100,12,2
2026-02-04,600519,14:21:32,1529.7900,8,1
2026-02-04,600519,14:21:35,1529.8800,10,1
2026-02-04,600519,14:21:38,1529.9500,16,1
2026-02-04,600519,14:21:41,1529.9301,35,2
2026-02-04,600519,14:21:44,1529.9800,14,1
2026-02-04,600519,14:21:47,1530.0000,24,1
2026-02-04,600519,14:21:50,1530.0000,28,1
2026-02-04,600519,14:21:53,1529.8300,13,2
2026-02-04,600519,14:21:56,1529.7000,12,2
2026-02-04,600519,14:21:59,1529.8199,7,1
2026-02-04,600519,14:22:02,1529.7000,8,1
2026-02-04,600519,14:22:05,1529.5300,4,2
2026-02-04,600519,14:22:08,1529.0000,78,2
2026-02-04,600519,14:22:11,1528.8199,5,2
2026-02-04,600519,14:22:14,1529.0000,17,1
2026-02-04,600519,14:22:17,1529.0000,77,2
2026-02-04,600519,14:22:20,1528.1000,36,2
2026-02-04,600519,14:22:23,1528.1000,3,2
2026-02-04,600519,14:22:26,1528.7900,19,1
2026-02-04,600519,14:22:29,1527.9700,16,2
2026-02-04,600519,14:22:32,1527.6700,63,2
2026-02-04,600519,14:22:35,1528.0000,13,1
2026-02-04,600519,14:22:38,1528.0000,11,2
2026-02-04,600519,14:22:41,1527.0000,1,2
2026-02-04,600519,14:22:44,1528.1100,21,1
2026-02-04,600519,14:22:47,1528.0000,13,2
2026-02-04,600519,14:22:50,1528.0000,5,1
2026-02-04,600519,14:22:53,1528.1000,5,1
2026-02-04,600519,14:22:56,1528.0000,2,1
2026-02-04,600519,14:22:59,1527.0100,35,2
2026-02-04,600519,14:23:02,1527.0100,5,2
2026-02-04,600519,14:23:05,1528.0000,11,1
2026-02-04,600519,14:23:08,1528.0000,4,1
2026-02-04,600519,14:23:11,1527.9900,5,1
2026-02-04,600519,14:23:14,1527.0100,1,2
2026-02-04,600519,14:23:17,1527.0100,5,2
2026-02-04,600519,14:23:20,1527.0100,2,2
2026-02-04,600519,14:23:23,1527.0601,1,2
2026-02-04,600519,14:23:26,1527.0601,5,2
2026-02-04,600519,14:23:29,1527.4100,12,1
2026-02-04,600519,14:23:32,1527.4100,4,1
2026-02-04,600519,14:23:35,1527.0100,16,2
2026-02-04,600519,14:23:38,1527.1500,12,2
2026-02-04,600519,14:23:41,1527.4100,7,2
2026-02-04,600519,14:23:44,1527.4100,11,2
2026-02-04,600519,14:23:47,1527.0000,32,2
2026-02-04,600519,14:23:50,1527.0000,10,1
2026-02-04,600519,14:23:53,1526.0200,5,2
2026-02-04,600519,14:23:56,1526.9800,6,1
2026-02-04,600519,14:23:59,1526.2000,8,2
2026-02-04,600519,14:24:02,1526.1400,7,2
2026-02-04,600519,14:24:05,1526.9700,6,1
2026-02-04,600519,14:24:08,1526.2000,12,1
2026-02-04,600519,14:24:11,1527.0100,8,1
2026-02-04,600519,14:24:14,1527.0900,7,1
2026-02-04,600519,14:24:17,1527.0400,10,2
2026-02-04,600519,14:24:20,1527.1500,11,1
2026-02-04,600519,14:24:23,1527.3900,9,1
2026-02-04,600519,14:24:26,1527.4100,7,1
2026-02-04,600519,14:24:29,1527.9600,8,1
2026-02-04,600519,14:24:32,1527.4500,4,2
2026-02-04,600519,14:24:35,1527.4500,2,2
2026-02-04,600519,14:24:38,1528.0601,36,1
2026-02-04,600519,14:24:41,1528.0699,11,2
2026-02-04,600519,14:24:44,1528.0900,3,2
2026-02-04,600519,14:24:47,1528.0800,5,2
2026-02-04,600519,14:24:50,1528.6400,3,4
2026-02-04,600519,14:24:53,1528.5800,4,2
2026-02-04,600519,14:24:56,1528.5800,9,2
2026-02-04,600519,14:24:59,1528.9600,49,1
2026-02-04,600519,14:25:02,1529.0000,21,1
2026-02-04,600519,14:25:05,1528.9800,8,2
2026-02-04,600519,14:25:08,1528.9800,6,2
2026-02-04,600519,14:25:11,1529.0000,8,1
2026-02-04,600519,14:25:14,1528.9800,13,2
2026-02-04,600519,14:25:17,1528.9800,30,2
2026-02-04,600519,14:25:20,1528.9700,12,4
2026-02-04,600519,14:25:23,1528.9800,13,1
2026-02-04,600519,14:25:26,1529.0000,7,1
2026-02-04,600519,14:25:29,1528.9399,22,2
2026-02-04,600519,14:25:32,1528.9301,8,2
2026-02-04,600519,14:25:35,1529.0000,58,1
2026-02-04,600519,14:25:38,1529.0000,10,1
2026-02-04,600519,14:25:41,1529.0000,40,1
2026-02-04,600519,14:25:44,1529.0000,16,2
2026-02-04,600519,14:25:47,1529.5000,10,1
2026-02-04,600519,14:25:50,1529.0000,6,2
2026-02-04,600519,14:25:53,1529.5100,12,1
2026-02-04,600519,14:25:56,1529.4100,14,2
2026-02-04,600519,14:25:59,1529.3199,2,2
2026-02-04,600519,14:26:02,1529.5000,1,1
2026-02-04,600519,14:26:05,1529.3101,10,2
2026-02-04,600519,14:26:08,1529.4600,82,1
2026-02-04,600519,14:26:11,1528.4600,9,2
2026-02-04,600519,14:26:14,1528.9399,2,2
2026-02-04,600519,14:26:17,1528.9200,9,4
2026-02-04,600519,14:26:20,1528.8900,4,1
2026-02-04,600519,14:26:23,1528.3700,7,2
2026-02-04,600519,14:26:26,1528.8900,14,1
2026-02-04,600519,14:26:29,1528.3700,4,2
2026-02-04,600519,14:26:32,1528.9000,9,1
2026-02-04,600519,14:26:35,1528.4600,6,1
2026-02-04,600519,14:26:38,1528.9000,3,1
2026-02-04,600519,14:26:41,1528.3700,9,2
2026-02-04,600519,14:26:44,1528.8101,4,2
2026-02-04,600519,14:26:47,1528.9000,14,1
2026-02-04,600519,14:26:50,1528.8101,11,1
2026-02-04,600519,14:26:53,1528.8101,1,2
2026-02-04,600519,14:26:56,1528.8900,4,1
2026-02-04,600519,14:26:59,1528.8900,12,1
2026-02-04,600519,14:27:02,1528.8101,10,2
2026-02-04,600519,14:27:05,1528.7800,1,2
2026-02-04,600519,14:27:08,1528.7800,2,2
2026-02-04,600519,14:27:11,1528.7100,27,2
2026-02-04,600519,14:27:14,1528.7800,9,1
2026-02-04,600519,14:27:17,1528.8700,5,1
2026-02-04,600519,14:27:20,1528.7800,4,2
2026-02-04,600519,14:27:23,1528.6100,5,2
2026-02-04,600519,14:27:26,1528.6100,1,2
2026-02-04,600519,14:27:29,1528.6100,13,2
2026-02-04,600519,14:27:32,1528.6100,4,2
2026-02-04,600519,14:27:35,1528.6100,10,2
2026-02-04,600519,14:27:38,1528.5500,1,2
2026-02-04,600519,14:27:41,1528.5100,8,2
2026-02-04,600519,14:27:44,1528.5500,3,1
2026-02-04,600519,14:27:47,1528.4100,16,2
2026-02-04,600519,14:27:50,1528.0000,30,2
2026-02-04,600519,14:27:53,1527.9800,11,2
2026-02-04,600519,14:27:56,1527.9200,8,2
2026-02-04,600519,14:27:59,1527.9200,7,2
2026-02-04,600519,14:28:02,1527.9200,7,2
2026-02-04,600519,14:28:05,1527.9100,3,2
2026-02-04,600519,14:28:08,1527.9100,2,1
2026-02-04,600519,14:28:11,1527.8600,3,2
2026-02-04,600519,14:28:14,1527.8500,2,2
2026-02-04,600519,14:28:17,1527.8600,10,1
2026-02-04,600519,14:28:20,1527.8600,14,1
2026-02-04,600519,14:28:23,1527.9000,30,1
2026-02-04,600519,14:28:26,1527.9900,20,1
2026-02-04,600519,14:28:29,1528.0000,18,1
2026-02-04,600519,14:28:32,1527.9301,19,2
2026-02-04,600519,14:28:35,1528.4000,8,1
2026-02-04,600519,14:28:38,1528.4000,5,1
2026-02-04,600519,14:28:41,1528.4100,9,2
2026-02-04,600519,14:28:44,1528.4100,4,2
2026-02-04,600519,14:28:47,1528.5000,2,1
2026-02-04,600519,14:28:50,1528.4000,5,2
2026-02-04,600519,14:28:53,1528.4100,2,1
2026-02-04,600519,14:28:56,1528.4100,11,2
2026-02-04,600519,14:28:59,1528.5500,2,1
2026-02-04,600519,14:29:02,1528.4000,9,2
2026-02-04,600519,14:29:05,1528.4000,15,2
2026-02-04,600519,14:29:08,1528.4000,14,1
2026-02-04,600519,14:29:11,1528.0000,19,2
2026-02-04,600519,14:29:14,1527.9100,6,2
2026-02-04,600519,14:29:17,1527.9900,2,1
2026-02-04,600519,14:29:20,1527.9100,7,2
2026-02-04,600519,14:29:23,1528.0400,4,2
2026-02-04,600519,14:29:26,1528.0400,2,2
2026-02-04,600519,14:29:29,1528.0400,4,2
2026-02-04,600519,14:29:32,1528.0400,3,2
2026-02-04,600519,14:29:35,1527.9900,4,2
2026-02-04,600519,14:29:38,1528.0100,2,2
2026-02-04,600519,14:29:41,1528.0300,3,1
2026-02-04,600519,14:29:44,1528.0000,1,2
2026-02-04,600519,14:29:47,1528.0100,6,1
2026-02-04,600519,14:29:50,1528.0100,8,1
2026-02-04,600519,14:29:53,1528.0000,9,2
2026-02-04,600519,14:29:56,1528.0000,5,2
2026-02-04,600519,14:29:59,1527.9900,4,2
2026-02-04,600519,14:30:02,1527.9800,12,2
2026-02-04,600519,14:30:05,1527.9000,14,2
2026-02-04,600519,14:30:08,1527.6000,4,2
2026-02-04,600519,14:30:11,1527.8900,2,1
2026-02-04,600519,14:30:14,1527.8900,4,1
2026-02-04,600519,14:30:17,1527.6000,8,2
2026-02-04,600519,14:30:20,1527.6000,2,2
2026-02-04,600519,14:30:23,1527.8800,3,1
2026-02-04,600519,14:30:26,1527.5699,10,2
2026-02-04,600519,14:30:29,1527.5500,1,2
2026-02-04,600519,14:30:32,1527.6000,4,1
2026-02-04,600519,14:30:35,1527.5000,12,2
2026-02-04,600519,14:30:38,1527.5500,13,1
2026-02-04,600519,14:30:41,1527.5900,12,1
2026-02-04,600519,14:30:44,1527.5500,10,2
2026-02-04,600519,14:30:47,1527.5000,5,2
2026-02-04,600519,14:30:50,1527.5000,3,2
2026-02-04,600519,14:30:53,1526.8400,85,2
2026-02-04,600519,14:30:56,1526.2000,7,2
2026-02-04,600519,14:30:59,1526.0000,7,2
2026-02-04,600519,14:31:02,1526.0800,8,1
2026-02-04,600519,14:31:05,1526.0100,8,2
2026-02-04,600519,14:31:08,1525.9100,10,2
2026-02-04,600519,14:31:11,1525.9900,5,1
2026-02-04,600519,14:31:14,1525.6600,5,2
2026-02-04,600519,14:31:17,1525.9000,6,1
2026-02-04,600519,14:31:20,1525.5000,10,2
2026-02-04,600519,14:31:23,1525.5601,3,4
2026-02-04,600519,14:31:26,1525.5000,2,2
2026-02-04,600519,14:31:29,1525.5000,6,2
2026-02-04,600519,14:31:32,1525.5000,13,2
2026-02-04,600519,14:31:35,1525.2700,20,2
2026-02-04,600519,14:31:38,1525.2600,7,2
2026-02-04,600519,14:31:41,1525.2500,9,4
2026-02-04,600519,14:31:44,1525.2600,8,1
2026-02-04,600519,14:31:47,1525.2300,7,2
2026-02-04,600519,14:31:50,1525.2600,3,1
2026-02-04,600519,14:31:53,1525.2600,12,1
2026-02-04,600519,14:31:56,1525.2600,8,1
2026-02-04,600519,14:31:59,1525.1600,3,2
2026-02-04,600519,14:32:02,1525.1400,4,2
2026-02-04,600519,14:32:05,1525.1400,7,2
2026-02-04,600519,14:32:08,1525.1400,3,2
2026-02-04,600519,14:32:11,1525.1400,10,2
2026-02-04,600519,14:32:14,1525.0800,9,2
2026-02-04,600519,14:32:17,1525.0000,96,2
2026-02-04,600519,14:32:20,1523.4100,23,2
2026-02-04,600519,14:32:23,1523.4100,6,2
2026-02-04,600519,14:32:26,1523.4100,11,2
2026-02-04,600519,14:32:29,1522.5900,6,2
2026-02-04,600519,14:32:32,1522.6000,4,2
2026-02-04,600519,14:32:35,1523.4200,4,2
2026-02-04,600519,14:32:38,1523.4100,38,2
2026-02-04,600519,14:32:41,1524.6100,10,1
2026-02-04,600519,14:32:44,1523.4301,6,2
2026-02-04,600519,14:32:47,1523.4301,16,2
2026-02-04,600519,14:32:50,1524.7900,11,1
2026-02-04,600519,14:32:53,1523.5699,4,2
2026-02-04,600519,14:32:56,1524.7900,2,1
2026-02-04,600519,14:32:59,1523.6801,3,2
2026-02-04,600519,14:33:02,1523.6600,6,2
2026-02-04,600519,14:33:05,1523.6000,5,2
2026-02-04,600519,14:33:08,1523.6600,1,2
2026-02-04,600519,14:33:11,1523.6000,8,2
2026-02-04,600519,14:33:14,1523.6000,7,2
2026-02-04,600519,14:33:17,1523.9800,15,1
2026-02-04,600519,14:33:20,1523.9000,4,1
2026-02-04,600519,14:33:23,1523.9800,4,1
2026-02-04,600519,14:33:26,1523.9900,5,1
2026-02-04,600519,14:33:29,1523.9000,3,2
2026-02-04,600519,14:33:32,1523.9800,7,1
2026-02-04,600519,14:33:35,1523.9000,8,1
2026-02-04,600519,14:33:38,1523.8900,4,1
2026-02-04,600519,14:33:41,1523.8500,12,1
2026-02-04,600519,14:33:44,1523.8101,4,1
2026-02-04,600519,14:33:47,1523.8101,6,1
2026-02-04,600519,14:33:50,1523.8500,5,1
2026-02-04,600519,14:33:53,1523.9700,29,1
2026-02-04,600519,14:33:56,1523.7300,5,2
2026-02-04,600519,14:33:59,1523.8101,9,2
2026-02-04,600519,14:34:02,1523.9000,42,1
2026-02-04,600519,14:34:05,1523.9800,12,2
2026-02-04,600519,14:34:08,1523.9200,4,2
2026-02-04,600519,14:34:11,1523.9200,5,2
2026-02-04,600519,14:34:14,1523.9800,6,1
2026-02-04,600519,14:34:17,1524.0000,5,1
2026-02-04,600519,14:34:20,1523.9800,5,2
2026-02-04,600519,14:34:23,1524.0000,1,2
2026-02-04,600519,14:34:26,1524.0000,9,2
2026-02-04,600519,14:34:29,1524.7600,7,1
2026-02-04,600519,14:34:32,1524.0100,9,2
2026-02-04,600519,14:34:35,1524.7700,13,1
2026-02-04,600519,14:34:38,1524.7000,20,2
2026-02-04,600519,14:34:41,1524.7000,13,1
2026-02-04,600519,14:34:44,1524.6300,4,2
2026-02-04,600519,14:34:47,1524.7400,7,1
2026-02-04,600519,14:34:50,1524.6700,10,2
2026-02-04,600519,14:34:53,1524.5699,16,2
2026-02-04,600519,14:34:56,1524.0000,16,2
2026-02-04,600519,14:34:59,1524.5601,6,1
2026-02-04,600519,14:35:02,1524.5699,7,1
2026-02-04,600519,14:35:05,1524.5699,4,2
2026-02-04,600519,14:35:08,1523.5400,52,2
2026-02-04,600519,14:35:11,1523.4100,14,2
2026-02-04,600519,14:35:14,1523.0000,12,2
2026-02-04,600519,14:35:17,1522.5601,11,2
2026-02-04,600519,14:35:20,1522.4301,8,2
2026-02-04,600519,14:35:23,1522.0200,11,2
2026-02-04,600519,14:35:26,1522.5601,8,1
2026-02-04,600519,14:35:29,1522.5800,5,1
2026-02-04,600519,14:35:32,1522.5800,4,1
2026-02-04,600519,14:35:35,1522.0500,15,2
2026-02-04,600519,14:35:38,1522.0500,5,1
2026-02-04,600519,14:35:41,1522.0300,11,2
2026-02-04,600519,14:35:44,1522.0200,10,2
2026-02-04,600519,14:35:47,1522.0300,9,1
2026-02-04,600519,14:35:50,1522.0400,26,1
2026-02-04,600519,14:35:53,1522.0100,13,2
2026-02-04,600519,14:35:56,1521.9800,59,2
2026-02-04,600519,14:35:59,1522.0200,21,1
2026-02-04,600519,14:36:02,1521.9900,16,1
2026-02-04,600519,14:36:05,1521.9800,12,2
2026-02-04,600519,14:36:08,1521.0400,10,2
2026-02-04,600519,14:36:11,1521.0100,8,2
2026-02-04,600519,14:36:14,1521.0200,3,2
2026-02-04,600519,14:36:17,1521.8400,12,1
2026-02-04,600519,14:36:20,1521.0200,8,2
2026-02-04,600519,14:36:23,1521.0000,17,2
2026-02-04,600519,14:36:26,1521.0200,23,1
2026-02-04,600519,14:36:29,1521.0100,29,2
2026-02-04,600519,14:36:32,1520.8900,19,2
2026-02-04,600519,14:36:35,1520.8800,10,1
2026-02-04,600519,14:36:38,1520.9500,14,1
2026-02-04,600519,14:36:41,1520.9600,13,2
2026-02-04,600519,14:36:44,1521.0000,4,1
2026-02-04,600519,14:36:47,1520.8700,9,2
2026-02-04,600519,14:36:50,1520.8700,5,2
2026-02-04,600519,14:36:53,1520.8800,23,2
2026-02-04,600519,14:36:56,1520.9399,7,1
2026-02-04,600519,14:36:59,1521.0300,83,1
2026-02-04,600519,14:37:02,1523.6000,62,1
2026-02-04,600519,14:37:05,1523.6500,19,2
2026-02-04,600519,14:37:08,1523.6500,8,2
2026-02-04,600519,14:37:11,1523.7000,5,2
2026-02-04,600519,14:37:14,1523.7000,2,2
2026-02-04,600519,14:37:17,1523.9600,4,1
2026-02-04,600519,14:37:20,1523.6500,15,2
2026-02-04,600519,14:37:23,1523.7000,9,2
2026-02-04,600519,14:37:26,1523.7100,8,1
2026-02-04,600519,14:37:29,1523.6700,3,2
2026-02-04,600519,14:37:32,1523.6600,3,2
2026-02-04,600519,14:37:35,1523.5601,19,2
2026-02-04,600519,14:37:38,1523.5699,6,2
2026-02-04,600519,14:37:41,1523.0500,13,2
2026-02-04,600519,14:37:44,1523.6100,10,2
2026-02-04,600519,14:37:47,1523.6801,10,1
2026-02-04,600519,14:37:50,1523.7100,5,1
2026-02-04,600519,14:37:53,1523.6100,18,2
2026-02-04,600519,14:37:56,1523.6600,18,1
2026-02-04,600519,14:37:59,1523.5100,9,1
2026-02-04,600519,14:38:02,1523.6400,18,1
2026-02-04,600519,14:38:05,1523.6400,6,1
2026-02-04,600519,14:38:08,1522.7600,10,2
2026-02-04,600519,14:38:11,1522.7600,9,2
2026-02-04,600519,14:38:14,1522.6700,9,2
2026-02-04,600519,14:38:17,1523.0000,11,1
2026-02-04,600519,14:38:20,1523.0000,2,2
2026-02-04,600519,14:38:23,1523.0100,5,2
2026-02-04,600519,14:38:26,1523.4900,8,1
2026-02-04,600519,14:38:29,1523.1100,14,2
2026-02-04,600519,14:38:32,1523.4900,8,1
2026-02-04,600519,14:38:35,1523.0100,12,2
2026-02-04,600519,14:38:38,1523.0100,16,1
2026-02-04,600519,14:38:41,1522.9900,5,1
2026-02-04,600519,14:38:44,1522.9399,8,2
2026-02-04,600519,14:38:47,1522.8600,5,2
2026-02-04,600519,14:38:50,1522.8600,4,2
2026-02-04,600519,14:38:53,1522.8600,6,2
2026-02-04,600519,14:38:56,1522.8600,4,2
2026-02-04,600519,14:38:59,1522.8600,8,2
2026-02-04,600519,14:39:02,1522.8800,11,1
2026-02-04,600519,14:39:05,1523.0000,38,1
2026-02-04,600519,14:39:08,1523.3000,36,1
2026-02-04,600519,14:39:11,1523.5000,10,1
2026-02-04,600519,14:39:14,1523.6100,6,1
2026-02-04,600519,14:39:17,1523.8800,63,1
2026-02-04,600519,14:39:20,1524.5000,17,1
2026-02-04,600519,14:39:23,1524.5500,13,1
2026-02-04,600519,14:39:26,1523.9600,16,2
2026-02-04,600519,14:39:29,1523.6400,12,2
2026-02-04,600519,14:39:32,1523.6200,13,1
2026-02-04,600519,14:39:35,1523.6100,5,2
2026-02-04,600519,14:39:38,1523.6100,6,2
2026-02-04,600519,14:39:41,1523.6200,9,1
2026-02-04,600519,14:39:44,1523.6200,6,1
2026-02-04,600519,14:39:47,1523.6200,8,2
2026-02-04,600519,14:39:50,1523.6100,10,2
2026-02-04,600519,14:39:53,1523.6200,6,2
2026-02-04,600519,14:39:56,1523.6200,4,2
2026-02-04,600519,14:39:59,1523.6100,13,2
2026-02-04,600519,14:40:02,1523.5400,17,2
2026-02-04,600519,14:40:05,1523.2700,23,2
2026-02-04,600519,14:40:08,1522.0000,20,2
2026-02-04,600519,14:40:11,1522.7600,15,1
2026-02-04,600519,14:40:14,1521.7200,11,2
2026-02-04,600519,14:40:17,1521.7100,9,2
2026-02-04,600519,14:40:20,1522.7600,6,1
2026-02-04,600519,14:40:23,1522.7700,8,1
2026-02-04,600519,14:40:26,1522.7600,8,2
2026-02-04,600519,14:40:29,1522.7700,14,1
2026-02-04,600519,14:40:32,1522.7500,5,2
2026-02-04,600519,14:40:35,1522.7500,9,1
2026-02-04,600519,14:40:38,1523.0000,19,1
2026-02-04,600519,14:40:41,1523.2600,14,1
2026-02-04,600519,14:40:44,1522.9399,9,2
2026-02-04,600519,14:40:47,1523.6200,50,1
2026-02-04,600519,14:40:50,1523.0500,10,2
2026-02-04,600519,14:40:53,1523.2600,26,1
2026-02-04,600519,14:40:56,1523.6200,8,1
2026-02-04,600519,14:40:59,1523.1600,8,2
2026-02-04,600519,14:41:02,1523.1600,12,2
2026-02-04,600519,14:41:05,1523.0000,7,2
2026-02-04,600519,14:41:08,1523.1500,5,1
2026-02-04,600519,14:41:11,1523.1100,10,1
2026-02-04,600519,14:41:14,1522.9800,7,1
2026-02-04,600519,14:41:17,1522.9800,30,2
2026-02-04,600519,14:41:20,1522.7800,21,2
2026-02-04,600519,14:41:23,1523.0900,20,1
2026-02-04,600519,14:41:26,1522.8199,11,2
2026-02-04,600519,14:41:29,1522.7400,14,2
2026-02-04,600519,14:41:32,1522.8000,3,1
2026-02-04,600519,14:41:35,1522.7800,2,2
2026-02-04,600519,14:41:38,1522.7900,4,2
2026-02-04,600519,14:41:41,1523.1700,56,1
2026-02-04,600519,14:41:44,1523.0000,23,2
2026-02-04,600519,14:41:47,1523.6000,6,1
2026-02-04,600519,14:41:50,1523.6000,13,1
2026-02-04,600519,14:41:53,1523.1400,22,2
2026-02-04,600519,14:41:56,1523.0000,11,2
2026-02-04,600519,14:41:59,1523.6000,25,1
2026-02-04,600519,14:42:02,1523.0000,9,2
2026-02-04,600519,14:42:05,1523.6000,4,1
2026-02-04,600519,14:42:08,1523.5800,5,1
2026-02-04,600519,14:42:11,1523.5000,8,1
2026-02-04,600519,14:42:14,1523.5000,14,1
2026-02-04,600519,14:42:17,1523.0000,4,2
2026-02-04,600519,14:42:20,1523.0000,25,2
2026-02-04,600519,14:42:23,1523.0000,12,1
2026-02-04,600519,14:42:26,1522.9000,19,2
2026-02-04,600519,14:42:29,1522.9000,15,2
2026-02-04,600519,14:42:32,1522.8800,3,2
2026-02-04,600519,14:42:35,1522.8199,4,2
2026-02-04,600519,14:42:38,1522.8199,9,2
2026-02-04,600519,14:42:41,1522.8199,6,2
2026-02-04,600519,14:42:44,1522.8700,7,1
2026-02-04,600519,14:42:47,1522.8101,3,2
2026-02-04,600519,14:42:50,1522.7900,2,2
2026-02-04,600519,14:42:53,1522.8700,20,1
2026-02-04,600519,14:42:56,1522.9000,11,1
2026-02-04,600519,14:42:59,1522.8199,1,2
2026-02-04,600519,14:43:02,1522.9000,3,1
2026-02-04,600519,14:43:05,1522.8199,3,2
2026-02-04,600519,14:43:08,1522.9000,11,1
2026-02-04,600519,14:43:11,1522.9100,5,1
2026-02-04,600519,14:43:14,1523.0000,4,1
2026-02-04,600519,14:43:17,1523.0000,33,1
2026-02-04,600519,14:43:20,1523.0000,9,1
2026-02-04,600519,14:43:23,1522.9600,6,2
2026-02-04,600519,14:43:26,1522.9600,5,1
2026-02-04,600519,14:43:29,1522.9301,10,2
2026-02-04,600519,14:43:32,1522.9600,5,1
2026-02-04,600519,14:43:35,1522.9500,5,2
2026-02-04,600519,14:43:38,1522.9500,13,2
2026-02-04,600519,14:43:41,1522.9500,23,1
2026-02-04,600519,14:43:44,1522.9600,13,1
2026-02-04,600519,14:43:47,1522.9600,11,1
2026-02-04,600519,14:43:50,1522.9500,10,2
2026-02-04,600519,14:43:53,1522.9500,11,2
2026-02-04,600519,14:43:56,1522.9301,7,2
2026-02-04,600519,14:43:59,1522.9301,6,2
2026-02-04,600519,14:44:02,1522.9600,12,1
2026-02-04,600519,14:44:05,1522.9399,10,2
2026-02-04,600519,14:44:08,1522.9399,6,1
2026-02-04,600519,14:44:11,1522.9000,4,2
2026-02-04,600519,14:44:14,1522.9600,7,1
2026-02-04,600519,14:44:17,1522.9301,4,2
2026-02-04,600519,14:44:20,1522.9399,7,1
2026-02-04,600519,14:44:23,1523.0000,10,1
2026-02-04,600519,14:44:26,1522.9100,7,2
2026-02-04,600519,14:44:29,1522.9500,3,2
2026-02-04,600519,14:44:32,1522.9800,3,1
2026-02-04,600519,14:44:35,1522.9800,8,1
2026-02-04,600519,14:44:38,1522.9900,10,1
2026-02-04,600519,14:44:41,1522.9900,6,2
2026-02-04,600519,14:44:44,1523.0000,10,1
2026-02-04,600519,14:44:47,1522.9800,45,2
2026-02-04,600519,14:44:50,1523.0000,8,1
2026-02-04,600519,14:44:53,1522.9900,17,2
2026-02-04,600519,14:44:56,1522.9700,9,2
2026-02-04,600519,14:44:59,1523.0000,11,1
2026-02-04,600519,14:45:02,1522.9500,18,2
2026-02-04,600519,14:45:05,1522.9500,15,2
2026-02-04,600519,14:45:08,1522.9700,12,1
2026-02-04,600519,14:45:11,1522.9700,22,1
2026-02-04,600519,14:45:14,1522.9900,23,1
2026-02-04,600519,14:45:17,1522.9301,16,2
2026-02-04,600519,14:45:20,1522.9700,13,1
2026-02-04,600519,14:45:23,1522.8900,19,2
2026-02-04,600519,14:45:26,1522.6500,18,2
2026-02-04,600519,14:45:29,1522.5000,10,2
2026-02-04,600519,14:45:32,1522.7000,25,1
2026-02-04,600519,14:45:35,1522.6000,9,2
2026-02-04,600519,14:45:38,1522.5500,1,2
2026-02-04,600519,14:45:41,1522.6000,4,2
2026-02-04,600519,14:45:44,1522.6500,5,1
2026-02-04,600519,14:45:47,1522.5601,10,2
2026-02-04,600519,14:45:50,1522.5500,7,2
2026-02-04,600519,14:45:53,1522.5601,10,4
2026-02-04,600519,14:45:56,1522.6000,9,1
2026-02-04,600519,14:45:59,1522.6000,42,1
2026-02-04,600519,14:46:02,1522.6000,23,2
2026-02-04,600519,14:46:05,1522.6000,5,2
2026-02-04,600519,14:46:08,1522.6500,11,1
2026-02-04,600519,14:46:11,1522.8000,20,1
2026-02-04,600519,14:46:14,1522.6600,8,2
2026-02-04,600519,14:46:17,1522.6600,28,1
2026-02-04,600519,14:46:20,1522.9600,28,1
2026-02-04,600519,14:46:23,1523.0100,337,1
2026-02-04,600519,14:46:26,1523.5699,50,1
2026-02-04,600519,14:46:29,1523.5000,16,2
2026-02-04,600519,14:46:32,1523.2200,8,2
2026-02-04,600519,14:46:35,1523.2300,5,2
2026-02-04,600519,14:46:38,1523.2300,8,2
2026-02-04,600519,14:46:41,1523.2400,24,1
2026-02-04,600519,14:46:44,1523.0100,15,2
2026-02-04,600519,14:46:47,1522.9900,18,2
2026-02-04,600519,14:46:50,1522.8600,14,2
2026-02-04,600519,14:46:53,1523.2200,18,1
2026-02-04,600519,14:46:56,1523.2300,18,1
2026-02-04,600519,14:46:59,1523.1200,18,1
2026-02-04,600519,14:47:02,1523.0000,17,2
2026-02-04,600519,14:47:05,1523.0100,20,1
2026-02-04,600519,14:47:08,1523.2200,1,1
2026-02-04,600519,14:47:11,1523.3000,6,1
2026-02-04,600519,14:47:14,1523.2200,3,2
2026-02-04,600519,14:47:17,1524.0000,65,1
2026-02-04,600519,14:47:20,1523.9800,10,2
2026-02-04,600519,14:47:23,1524.2500,4,1
2026-02-04,600519,14:47:26,1524.5400,7,1
2026-02-04,600519,14:47:29,1524.5000,7,2
2026-02-04,600519,14:47:32,1524.2000,7,2
2026-02-04,600519,14:47:35,1524.5500,4,1
2026-02-04,600519,14:47:38,1523.8000,25,2
2026-02-04,600519,14:47:41,1524.5500,11,1
2026-02-04,600519,14:47:44,1524.5699,15,1
2026-02-04,600519,14:47:47,1523.7000,8,2
2026-02-04,600519,14:47:50,1524.1899,5,1
2026-02-04,600519,14:47:53,1524.5699,12,1
2026-02-04,600519,14:47:56,1524.0300,14,1
2026-02-04,600519,14:47:59,1524.0300,9,2
2026-02-04,600519,14:48:02,1524.5699,7,2
2026-02-04,600519,14:48:05,1524.5699,6,1
2026-02-04,600519,14:48:08,1524.5300,8,2
2026-02-04,600519,14:48:11,1524.5000,8,2
2026-02-04,600519,14:48:14,1524.4700,10,2
2026-02-04,600519,14:48:17,1524.5100,9,2
2026-02-04,600519,14:48:20,1524.4500,13,2
2026-02-04,600519,14:48:23,1524.4600,5,1
2026-02-04,600519,14:48:26,1524.4600,5,1
2026-02-04,600519,14:48:29,1524.4399,11,2
2026-02-04,600519,14:48:32,1524.4200,10,2
2026-02-04,600519,14:48:35,1524.8500,17,1
2026-02-04,600519,14:48:38,1524.6000,15,2
2026-02-04,600519,14:48:41,1525.0000,93,1
2026-02-04,600519,14:48:44,1525.3800,33,1
2026-02-04,600519,14:48:47,1525.3700,15,2
2026-02-04,600519,14:48:50,1525.6200,17,1
2026-02-04,600519,14:48:53,1525.6300,12,1
2026-02-04,600519,14:48:56,1525.8300,10,1
2026-02-04,600519,14:48:59,1525.6899,13,2
2026-02-04,600519,14:49:02,1526.0000,25,1
2026-02-04,600519,14:49:05,1525.9399,9,4
2026-02-04,600519,14:49:08,1526.0000,9,1
2026-02-04,600519,14:49:11,1525.8900,9,2
2026-02-04,600519,14:49:14,1526.0500,4,1
2026-02-04,600519,14:49:17,1526.0000,10,2
2026-02-04,600519,14:49:20,1525.9500,7,2
2026-02-04,600519,14:49:23,1526.1801,11,1
2026-02-04,600519,14:49:26,1526.0800,8,2
2026-02-04,600519,14:49:29,1525.9600,6,2
2026-02-04,600519,14:49:32,1526.3000,11,1
2026-02-04,600519,14:49:35,1526.3800,8,1
2026-02-04,600519,14:49:38,1526.2900,19,2
2026-02-04,600519,14:49:41,1527.0000,17,1
2026-02-04,600519,14:49:44,1527.0000,6,2
2026-02-04,600519,14:49:47,1527.0200,9,2
2026-02-04,600519,14:49:50,1526.9900,7,2
2026-02-04,600519,14:49:53,1527.2600,14,1
2026-02-04,600519,14:49:56,1526.9900,4,2
2026-02-04,600519,14:49:59,1526.5000,15,2
2026-02-04,600519,14:50:02,1526.5000,11,2
2026-02-04,600519,14:50:05,1526.2200,12,2
2026-02-04,600519,14:50:08,1526.1700,13,2
2026-02-04,600519,14:50:11,1526.0400,39,2
2026-02-04,600519,14:50:14,1526.3000,32,1
2026-02-04,600519,14:50:17,1526.1700,7,2
2026-02-04,600519,14:50:20,1525.9700,15,2
2026-02-04,600519,14:50:23,1526.0000,16,1
2026-02-04,600519,14:50:26,1526.0000,8,2
2026-02-04,600519,14:50:29,1526.0000,8,2
2026-02-04,600519,14:50:32,1526.0000,18,2
2026-02-04,600519,14:50:35,1525.9900,5,2
2026-02-04,600519,14:50:38,1526.0000,20,2
2026-02-04,600519,14:50:41,1525.9900,23,2
2026-02-04,600519,14:50:44,1526.0400,14,1
2026-02-04,600519,14:50:47,1525.9301,22,2
2026-02-04,600519,14:50:50,1525.9301,10,2
2026-02-04,600519,14:50:53,1525.9000,31,2
2026-02-04,600519,14:50:56,1525.9301,15,1
2026-02-04,600519,14:50:59,1525.8800,40,2
2026-02-04,600519,14:51:02,1525.5200,27,2
2026-02-04,600519,14:51:05,1525.2900,10,2
2026-02-04,600519,14:51:08,1525.0000,59,2
2026-02-04,600519,14:51:11,1525.0000,14,2
2026-02-04,600519,14:51:14,1525.0300,12,2
2026-02-04,600519,14:51:17,1525.0100,6,1
2026-02-04,600519,14:51:20,1525.0000,4,1
2026-02-04,600519,14:51:23,1525.0000,15,1
2026-02-04,600519,14:51:26,1525.0000,6,1
2026-02-04,600519,14:51:29,1524.9000,15,2
2026-02-04,600519,14:51:32,1525.0000,6,1
2026-02-04,600519,14:51:35,1524.8600,10,2
2026-02-04,600519,14:51:38,1524.9200,4,1
2026-02-04,600519,14:51:41,1524.8800,8,2
2026-02-04,600519,14:51:44,1524.9399,8,1
2026-02-04,600519,14:51:47,1524.9000,16,2
2026-02-04,600519,14:51:50,1524.9200,18,1
2026-02-04,600519,14:51:53,1524.8800,22,2
2026-02-04,600519,14:51:56,1524.9800,6,1
2026-02-04,600519,14:51:59,1524.9700,6,2
2026-02-04,600519,14:52:02,1524.9600,8,2
2026-02-04,600519,14:52:05,1524.8700,4,2
2026-02-04,600519,14:52:08,1525.0000,17,1
2026-02-04,600519,14:52:11,1524.9800,10,1
2026-02-04,600519,14:52:14,1524.8900,5,2
2026-02-04,600519,14:52:17,1524.9800,17,1
2026-02-04,600519,14:52:20,1524.9800,8,1
2026-02-04,600519,14:52:23,1524.8800,17,2
2026-02-04,600519,14:52:26,1524.8600,20,2
2026-02-04,600519,14:52:29,1524.8600,14,2
2026-02-04,600519,14:52:32,1524.9100,20,2
2026-02-04,600519,14:52:35,1524.8600,8,2
2026-02-04,600519,14:52:38,1524.6000,20,2
2026-02-04,600519,14:52:41,1524.7200,15,1
2026-02-04,600519,14:52:44,1524.7200,12,2
2026-02-04,600519,14:52:47,1524.5300,11,2
2026-02-04,600519,14:52:50,1524.5300,8,2
2026-02-04,600519,14:52:53,1524.7200,7,1
2026-02-04,600519,14:52:56,1524.7200,11,1
2026-02-04,600519,14:52:59,1524.5300,8,2
2026-02-04,600519,14:53:02,1524.5000,8,2
2026-02-04,600519,14:53:05,1524.5800,12,1
2026-02-04,600519,14:53:08,1524.7100,14,1
2026-02-04,600519,14:53:11,1524.7100,6,2
2026-02-04,600519,14:53:14,1524.5800,29,2
2026-02-04,600519,14:53:17,1524.5300,13,2
2026-02-04,600519,14:53:20,1524.5800,12,2
2026-02-04,600519,14:53:23,1524.5300,2,1
2026-02-04,600519,14:53:26,1524.4900,15,2
2026-02-04,600519,14:53:29,1524.7100,11,1
2026-02-04,600519,14:53:32,1524.5500,26,2
2026-02-04,600519,14:53:35,1524.7200,32,1
2026-02-04,600519,14:53:38,1524.7000,12,1
2026-02-04,600519,14:53:41,1524.5601,7,2
2026-02-04,600519,14:53:44,1524.8000,13,1
2026-02-04,600519,14:53:47,1524.5601,25,2
2026-02-04,600519,14:53:50,1524.7200,9,2
2026-02-04,600519,14:53:53,1524.5601,11,2
2026-02-04,600519,14:53:56,1524.7000,7,1
2026-02-04,600519,14:53:59,1524.7800,14,1
2026-02-04,600519,14:54:02,1524.7800,8,1
2026-02-04,600519,14:54:05,1524.7200,16,2
2026-02-04,600519,14:54:08,1524.7700,14,1
2026-02-04,600519,14:54:11,1524.7800,10,1
2026-02-04,600519,14:54:14,1524.7100,17,2
2026-02-04,600519,14:54:17,1524.8800,96,1
2026-02-04,600519,14:54:20,1524.7200,24,2
2026-02-04,600519,14:54:23,1524.8800,53,1
2026-02-04,600519,14:54:26,1524.9000,32,1
2026-02-04,600519,14:54:29,1524.9000,30,2
2026-02-04,600519,14:54:32,1524.9301,14,1
2026-02-04,600519,14:54:35,1524.9000,10,1
2026-02-04,600519,14:54:38,1524.9000,12,1
2026-02-04,600519,14:54:41,1525.0000,22,1
2026-02-04,600519,14:54:44,1524.8700,20,2
2026-02-04,600519,14:54:47,1525.0000,31,1
2026-02-04,600519,14:54:50,1524.9800,33,2
2026-02-04,600519,14:54:53,1524.9700,31,2
2026-02-04,600519,14:54:56,1524.9700,96,2
2026-02-04,600519,14:54:59,1525.0000,107,1
2026-02-04,600519,14:55:02,1524.7700,30,2
2026-02-04,600519,14:55:05,1524.9700,25,1
2026-02-04,600519,14:55:08,1525.0000,49,1
2026-02-04,600519,14:55:11,1525.0000,28,1
2026-02-04,600519,14:55:14,1524.9900,11,4
2026-02-04,600519,14:55:17,1525.0000,24,1
2026-02-04,600519,14:55:20,1524.9800,15,1
2026-02-04,600519,14:55:23,1525.0000,35,1
2026-02-04,600519,14:55:26,1524.9800,23,1
2026-02-04,600519,14:55:29,1524.5800,8,2
2026-02-04,600519,14:55:32,1524.5699,30,2
2026-02-04,600519,14:55:35,1524.5699,11,2
2026-02-04,600519,14:55:38,1524.6700,11,1
2026-02-04,600519,14:55:41,1524.7600,18,1
2026-02-04,600519,14:55:44,1524.4000,34,2
2026-02-04,600519,14:55:47,1524.4100,17,1
2026-02-04,600519,14:55:50,1524.4000,13,2
2026-02-04,600519,14:55:53,1524.5699,28,1
2026-02-04,600519,14:55:56,1524.5699,13,1
2026-02-04,600519,14:55:59,1524.3900,11,1
2026-02-04,600519,14:56:02,1524.5800,18,1
2026-02-04,600519,14:56:05,1524.4000,14,2
2026-02-04,600519,14:56:08,1524.4000,22,2
2026-02-04,600519,14:56:11,1524.8101,28,1
2026-02-04,600519,14:56:14,1524.6100,7,2
2026-02-04,600519,14:56:17,1524.7600,7,2
2026-02-04,600519,14:56:20,1524.7800,8,2
2026-02-04,600519,14:56:23,1524.9800,7,1
2026-02-04,600519,14:56:26,1524.6700,20,2
2026-02-04,600519,14:56:29,1524.4000,9,2
2026-02-04,600519,14:56:32,1524.3900,18,2
2026-02-04,600519,14:56:35,1524.0000,28,2
2026-02-04,600519,14:56:38,1524.4000,30,1
2026-02-04,600519,14:56:41,1524.0000,24,1
2026-02-04,600519,14:56:44,1523.0000,18,2
2026-02-04,600519,14:56:47,1523.0000,5,1
2026-02-04,600519,14:56:50,1523.0500,11,1
2026-02-04,600519,14:56:53,1523.5000,26,1
2026-02-04,600519,14:56:56,1524.0800,49,1
2026-02-04,600519,14:56:59,1524.1801,19,2
2026-02-04,600519,14:57:02,1524.1801,1,2
2026-02-04,600519,15:00:03,1525.0000,774,4
2026-02-04,600519,13:16:47,1519.9200,20,2
2026-02-04,600519,13:16:50,1520.0000,10,1
2026-02-04,600519,13:16:53,1519.0200,22,2
2026-02-04,600519,13:16:56,1519.1200,10,1
2026-02-04,600519,13:16:59,1520.0000,28,1
2026-02-04,600519,13:17:02,1519.0000,9,2
2026-02-04,600519,13:17:05,1519.9600,13,1
2026-02-04,600519,13:17:08,1519.9600,3,1
2026-02-04,600519,13:17:11,1519.0000,8,1
2026-02-04,600519,13:17:14,1518.9000,8,2
2026-02-04,600519,13:17:17,1519.1200,50,2
2026-02-04,600519,13:17:20,1520.0000,19,1
2026-02-04,600519,13:17:23,1518.9399,29,2
2026-02-04,600519,13:17:26,1518.9399,10,2
2026-02-04,600519,13:17:29,1518.9800,7,2
2026-02-04,600519,13:17:32,1519.0000,5,2
2026-02-04,600519,13:17:35,1519.9800,8,1
2026-02-04,600519,13:17:38,1520.0000,21,1
2026-02-04,600519,13:17:41,1520.0000,17,1
2026-02-04,600519,13:17:44,1520.0000,8,2
2026-02-04,600519,13:17:47,1520.4000,6,2
2026-02-04,600519,13:17:50,1519.8900,9,2
2026-02-04,600519,13:17:53,1519.9800,14,1
2026-02-04,600519,13:17:56,1519.9600,8,2
2026-02-04,600519,13:17:59,1519.9900,57,1
2026-02-04,600519,13:18:02,1518.0000,15,2
2026-02-04,600519,13:18:05,1517.0000,76,2
2026-02-04,600519,13:18:08,1517.6500,19,1
2026-02-04,600519,13:18:11,1520.0000,83,1
2026-02-04,600519,13:18:14,1516.5900,17,2
2026-02-04,600519,13:18:17,1516.2500,9,2
2026-02-04,600519,13:18:20,1515.9800,107,2
2026-02-04,600519,13:18:23,1515.9800,4,1
2026-02-04,600519,13:18:26,1515.2000,9,2
2026-02-04,600519,13:18:29,1513.9900,97,2
2026-02-04,600519,13:18:32,1513.0100,10,2
2026-02-04,600519,13:18:35,1513.0100,28,2
2026-02-04,600519,13:18:38,1513.5100,10,1
2026-02-04,600519,13:18:41,1513.0000,24,2
2026-02-04,600519,13:18:44,1513.4200,13,1
2026-02-04,600519,13:18:47,1515.1801,3,1
2026-02-04,600519,13:18:50,1513.5200,7,2
2026-02-04,600519,13:18:53,1515.0000,2,1
2026-02-04,600519,13:18:56,1515.1801,15,1
2026-02-04,600519,13:18:59,1515.1801,24,1
2026-02-04,600519,13:19:02,1515.1899,4,4
2026-02-04,600519,13:19:05,1515.9800,17,1
2026-02-04,600519,13:19:08,1516.0000,20,1
2026-02-04,600519,13:19:11,1516.0000,21,1
2026-02-04,600519,13:19:14,1516.0000,7,1
2026-02-04,600519,13:19:17,1516.0000,9,1
2026-02-04,600519,13:19:20,1516.0000,4,1
2026-02-04,600519,13:19:23,1515.1801,18,2
2026-02-04,600519,13:19:26,1516.0000,7,2
2026-02-04,600519,13:19:29,1516.0000,3,2
2026-02-04,600519,13:19:32,1516.0200,19,1
2026-02-04,600519,13:19:35,1514.8400,46,2
2026-02-04,600519,13:19:38,1515.0000,10,1
2026-02-04,600519,13:19:41,1515.0699,10,1
2026-02-04,600519,13:19:44,1515.1000,12,1
2026-02-04,600519,13:19:47,1516.0000,7,1
2026-02-04,600519,13:19:50,1516.0000,5,1
2026-02-04,600519,13:19:53,1516.0000,2,1
2026-02-04,600519,13:19:56,1516.0000,7,1
2026-02-04,600519,13:19:59,1515.0699,21,2
2026-02-04,600519,13:20:02,1515.9500,23,1
2026-02-04,600519,13:20:05,1512.0100,91,2
2026-02-04,600519,13:20:08,1511.6500,38,2
2026-02-04,600519,13:20:11,1512.0000,31,1
2026-02-04,600519,13:20:14,1511.3800,7,2
2026-02-04,600519,13:20:17,1511.2800,11,2
2026-02-04,600519,13:20:20,1511.1899,6,2
2026-02-04,600519,13:20:23,1511.9399,20,1
2026-02-04,600519,13:20:26,1511.9399,20,1
2026-02-04,600519,13:20:29,1512.5000,22,1
2026-02-04,600519,13:20:32,1513.0000,9,1
2026-02-04,600519,13:20:35,1512.0200,42,2
2026-02-04,600519,13:20:38,1513.7700,6,1
2026-02-04,600519,13:20:44,1514.6000,4,1
2026-02-04,600519,13:20:47,1513.0000,40,2
2026-02-04,600519,13:20:50,1513.5300,6,1
2026-02-04,600519,13:20:53,1513.0000,7,2
2026-02-04,600519,13:20:56,1513.7700,69,1
2026-02-04,600519,13:20:59,1513.7600,15,1
2026-02-04,600519,13:21:02,1512.8600,30,2
2026-02-04,600519,13:21:05,1513.0000,10,1
2026-02-04,600519,13:21:08,1513.7600,9,1
2026-02-04,600519,13:21:11,1513.0100,5,2
2026-02-04,600519,13:21:14,1513.0100,3,2
2026-02-04,600519,13:21:17,1513.0000,4,2
2026-02-04,600519,13:21:20,1513.7600,5,1
2026-02-04,600519,13:21:23,1513.0000,12,2
2026-02-04,600519,13:21:26,1511.9301,44,2
2026-02-04,600519,13:21:29,1510.8000,41,2
2026-02-04,600519,13:21:32,1510.4800,69,2
2026-02-04,600519,13:21:35,1512.1300,23,1
2026-02-04,600519,13:21:38,1512.3900,14,1
2026-02-04,600519,13:21:41,1511.9700,4,2
2026-02-04,600519,13:21:44,1512.0000,6,2
2026-02-04,600519,13:21:47,1512.0100,5,2
2026-02-04,600519,13:21:50,1512.1300,39,2
2026-02-04,600519,13:21:53,1512.4399,9,1
2026-02-04,600519,13:21:56,1512.8199,5,1
2026-02-04,600519,13:21:59,1512.9900,7,1
2026-02-04,600519,13:22:02,1513.0000,4,1
2026-02-04,600519,13:22:05,1513.0000,7,1
2026-02-04,600519,13:22:08,1513.3000,12,1
2026-02-04,600519,13:22:11,1513.0000,12,2
2026-02-04,600519,13:22:14,1513.0000,7,2
2026-02-04,600519,13:22:17,1513.3000,23,1
2026-02-04,600519,13:22:20,1513.0000,9,2
2026-02-04,600519,13:22:23,1513.0000,9,1
2026-02-04,600519,13:22:26,1512.7800,8,2
2026-02-04,600519,13:22:29,1512.6700,23,2
2026-02-04,600519,13:22:32,1513.0000,11,1
2026-02-04,600519,13:22:35,1513.0000,9,1
2026-02-04,600519,13:22:38,1512.4500,10,2
2026-02-04,600519,13:22:41,1513.0000,8,1
2026-02-04,600519,13:22:44,1513.3000,26,1
2026-02-04,600519,13:22:47,1513.0000,19,2
2026-02-04,600519,13:22:50,1513.2900,26,1
2026-02-04,600519,13:22:53,1512.4600,10,2
2026-02-04,600519,13:22:56,1511.1400,24,2
2026-02-04,600519,13:22:59,1511.9700,11,1
2026-02-04,600519,13:23:02,1512.6700,4,1
2026-02-04,600519,13:23:05,1512.3500,6,1
2026-02-04,600519,13:23:08,1512.4600,3,1
2026-02-04,600519,13:23:11,1512.4500,20,1
2026-02-04,600519,13:23:14,1511.2000,20,2
2026-02-04,600519,13:23:17,1511.8900,19,1
2026-02-04,600519,13:23:20,1512.0000,8,1
2026-02-04,600519,13:23:23,1511.1500,45,2
2026-02-04,600519,13:23:26,1511.9100,7,1
2026-02-04,600519,13:23:29,1512.0000,8,1
2026-02-04,600519,13:23:32,1511.9100,6,2
2026-02-04,600519,13:23:35,1512.3500,5,1
2026-02-04,600519,13:23:38,1511.9900,34,2
2026-02-04,600519,13:23:41,1512.0000,8,2
2026-02-04,600519,13:23:44,1512.6700,14,1
2026-02-04,600519,13:23:47,1512.0300,11,2
2026-02-04,600519,13:23:50,1512.3300,14,2
2026-02-04,600519,13:23:53,1512.4200,2,1
2026-02-04,600519,13:23:56,1512.3300,36,2
2026-02-04,600519,13:23:59,1512.6300,10,1
2026-02-04,600519,13:24:02,1512.3400,8,1
2026-02-04,600519,13:24:05,1511.0000,39,2
2026-02-04,600519,13:24:08,1512.6600,186,1
2026-02-04,600519,13:24:11,1511.0601,7,2
2026-02-04,600519,13:24:14,1512.6801,39,1
2026-02-04,600519,13:24:17,1512.5000,15,2
2026-02-04,600519,13:24:20,1513.2900,13,1
2026-02-04,600519,13:24:23,1513.7700,6,1
2026-02-04,600519,13:24:26,1512.8101,17,2
2026-02-04,600519,13:24:29,1511.5000,72,2
2026-02-04,600519,13:24:32,1513.0100,48,2
2026-02-04,600519,13:24:35,1512.9399,15,2
2026-02-04,600519,13:24:38,1511.6000,24,2
2026-02-04,600519,13:24:41,1513.0000,6,1
2026-02-04,600519,13:24:44,1511.6000,13,2
2026-02-04,600519,13:24:47,1513.0000,2,1
2026-02-04,600519,13:24:50,1513.0000,6,2
2026-02-04,600519,13:24:53,1513.0100,1,2
2026-02-04,600519,13:24:56,1513.0000,5,2
2026-02-04,600519,13:24:59,1513.0100,41,1
2026-02-04,600519,13:25:02,1513.9900,11,1
2026-02-04,600519,13:25:05,1512.0000,15,2
2026-02-04,600519,13:25:08,1513.0000,2,1
2026-02-04,600519,13:25:11,1512.0000,2,2
2026-02-04,600519,13:25:14,1513.0000,13,1
2026-02-04,600519,13:25:17,1513.0300,32,1
2026-02-04,600519,13:25:20,1513.0100,5,2
2026-02-04,600519,13:25:23,1513.0900,2,1
2026-02-04,600519,13:25:26,1513.1000,24,1
2026-02-04,600519,13:25:29,1513.1000,17,2
2026-02-04,600519,13:25:32,1513.1000,17,2
2026-02-04,600519,13:25:35,1513.1000,17,2
2026-02-04,600519,13:25:38,1513.5500,17,1
2026-02-04,600519,13:25:41,1513.1000,5,2
2026-02-04,600519,13:25:44,1513.5601,3,1
2026-02-04,600519,13:25:47,1513.5500,1,2
2026-02-04,600519,13:25:50,1513.9700,11,1
2026-02-04,600519,13:25:53,1514.0000,7,1
2026-02-04,600519,13:25:56,1514.0000,1,2
2026-02-04,600519,13:25:59,1514.8500,2,1
2026-02-04,600519,13:26:02,1514.8500,6,2
2026-02-04,600519,13:26:05,1514.9000,5,1
2026-02-04,600519,13:26:08,1514.9900,1,1
2026-02-04,600519,13:26:11,1515.0000,33,1
2026-02-04,600519,13:26:14,1515.0900,7,1
2026-02-04,600519,13:26:17,1515.0000,48,2
2026-02-04,600519,13:26:20,1514.9800,34,2
2026-02-04,600519,13:26:23,1514.9800,39,1
2026-02-04,600519,13:26:26,1514.8000,6,1
2026-02-04,600519,13:26:29,1514.9800,10,1
2026-02-04,600519,13:26:32,1515.0000,12,1
2026-02-04,600519,13:26:35,1514.9800,5,2
2026-02-04,600519,13:26:38,1515.0000,12,1
2026-02-04,600519,13:26:41,1514.9800,28,1
2026-02-04,600519,13:26:44,1513.5200,11,2
2026-02-04,600519,13:26:47,1513.5000,16,2
2026-02-04,600519,13:26:50,1513.4500,8,1
2026-02-04,600519,13:26:53,1513.5100,45,1
2026-02-04,600519,13:26:56,1513.5400,7,1
2026-02-04,600519,13:26:59,1512.0300,16,2
2026-02-04,600519,13:27:02,1510.8800,109,2
2026-02-04,600519,13:27:05,1510.4700,22,2
2026-02-04,600519,13:27:08,1511.2500,20,1
2026-02-04,600519,13:27:11,1511.5300,15,1
2026-02-04,600519,13:27:14,1510.7100,9,2
2026-02-04,600519,13:27:17,1510.3400,1,2
2026-02-04,600519,13:27:20,1510.5000,16,1
2026-02-04,600519,13:27:23,1510.7300,11,1
2026-02-04,600519,13:27:26,1510.5000,5,2
2026-02-04,600519,13:27:29,1511.7000,10,1
2026-02-04,600519,13:27:32,1511.8800,9,1
2026-02-04,600519,13:27:35,1512.0000,24,2
2026-02-04,600519,13:27:38,1512.0000,16,2
2026-02-04,600519,13:27:41,1512.0000,3,1
2026-02-04,600519,13:27:44,1512.0000,9,1
2026-02-04,600519,13:27:47,1511.9100,3,2
2026-02-04,600519,13:27:50,1512.0000,9,1
2026-02-04,600519,13:27:53,1512.8000,4,1
2026-02-04,600519,13:27:56,1512.0000,3,2
2026-02-04,600519,13:27:59,1511.9100,10,2
2026-02-04,600519,13:28:02,1511.9000,9,2
2026-02-04,600519,13:28:05,1512.8000,44,1
2026-02-04,600519,13:28:08,1511.8300,9,2
2026-02-04,600519,13:28:11,1511.9000,5,1
2026-02-04,600519,13:28:14,1511.9000,9,1
2026-02-04,600519,13:28:17,1511.0100,5,2
2026-02-04,600519,13:28:20,1511.0100,7,2
2026-02-04,600519,13:28:23,1511.0000,14,2
2026-02-04,600519,13:28:26,1511.0100,4,2
2026-02-04,600519,13:28:29,1512.0000,2,1
2026-02-04,600519,13:28:32,1512.8000,8,1
2026-02-04,600519,13:28:35,1512.8500,8,1
2026-02-04,600519,13:28:38,1512.8500,11,2
2026-02-04,600519,13:28:41,1512.0000,9,2
2026-02-04,600519,13:28:44,1512.0000,10,2
2026-02-04,600519,13:28:47,1512.8500,2,2
2026-02-04,600519,13:28:50,1513.4301,9,1
2026-02-04,600519,13:28:53,1512.1400,8,2
2026-02-04,600519,13:28:56,1513.4900,11,1
2026-02-04,600519,13:28:59,1511.2200,26,2
2026-02-04,600519,13:29:02,1511.7900,18,1
2026-02-04,600519,13:29:05,1510.9100,12,2
2026-02-04,600519,13:29:08,1511.0100,4,2
2026-02-04,600519,13:29:11,1510.8101,3,2
2026-02-04,600519,13:29:14,1511.0000,9,2
2026-02-04,600519,13:29:17,1511.2200,50,1
2026-02-04,600519,13:29:20,1511.0100,10,2
2026-02-04,600519,13:29:23,1511.1700,9,1
2026-02-04,600519,13:29:26,1511.2200,3,1
2026-02-04,600519,13:29:29,1511.3199,7,1
2026-02-04,600519,13:29:32,1511.3199,10,2
2026-02-04,600519,13:29:35,1511.3300,6,2
2026-02-04,600519,13:29:38,1512.0000,7,1
2026-02-04,600519,13:29:41,1511.3199,3,2
2026-02-04,600519,13:29:44,1512.0000,3,1
2026-02-04,600519,13:29:47,1512.0699,5,1
2026-02-04,600519,13:29:50,1512.1400,3,1
2026-02-04,600519,13:29:53,1513.5000,9,1
2026-02-04,600519,13:29:56,1512.6600,2,2
2026-02-04,600519,13:29:59,1513.5000,1,1
2026-02-04,600519,13:30:02,1513.5000,6,1
2026-02-04,600519,13:30:05,1513.5500,11,1
2026-02-04,600519,13:30:08,1513.5500,4,1
2026-02-04,600519,13:30:11,1513.4600,6,1
2026-02-04,600519,13:30:14,1512.5699,2,2
2026-02-04,600519,13:30:17,1512.5500,5,2
2026-02-04,600519,13:30:20,1512.5900,16,2
2026-02-04,600519,13:30:23,1513.3000,19,1
2026-02-04,600519,13:30:26,1512.3500,5,2
2026-02-04,600519,13:30:29,1512.7200,2,2
2026-02-04,600519,13:30:32,1513.0000,8,1
2026-02-04,600519,13:30:35,1513.3000,10,1
2026-02-04,600519,13:30:38,1513.0000,7,2
2026-02-04,600519,13:30:41,1513.8101,5,1
2026-02-04,600519,13:30:44,1513.8101,9,1
2026-02-04,600519,13:30:47,1513.8101,7,1
2026-02-04,600519,13:30:50,1514.0000,8,1
2026-02-04,600519,13:30:53,1514.7500,4,1
2026-02-04,600519,13:30:56,1514.0000,8,2
2026-02-04,600519,13:30:59,1514.7500,6,1
2026-02-04,600519,13:31:02,1514.0000,17,2
2026-02-04,600519,13:31:05,1513.9399,18,2
2026-02-04,600519,13:31:08,1514.9700,16,1
2026-02-04,600519,13:31:11,1514.0000,12,2
2026-02-04,600519,13:31:14,1513.0000,159,2
2026-02-04,600519,13:31:17,1513.9700,117,1
2026-02-04,600519,13:31:20,1512.4200,37,2
2026-02-04,600519,13:31:23,1514.5500,11,1
2026-02-04,600519,13:31:26,1512.4200,38,2
2026-02-04,600519,13:31:29,1514.5500,3,1
2026-02-04,600519,13:31:32,1514.5000,8,1
2026-02-04,600519,13:31:35,1514.7400,5,1
2026-02-04,600519,13:31:38,1514.5200,6,1
2026-02-04,600519,13:31:41,1514.6700,12,1
2026-02-04,600519,13:31:44,1514.6700,4,2
2026-02-04,600519,13:31:47,1514.5699,19,2
2026-02-04,600519,13:31:50,1514.6700,10,1
2026-02-04,600519,13:31:53,1513.6200,8,2
2026-02-04,600519,13:31:56,1514.0000,6,2
2026-02-04,600519,13:31:59,1513.5100,11,2
2026-02-04,600519,13:32:02,1513.6100,20,1
2026-02-04,600519,13:32:05,1513.5100,5,2
2026-02-04,600519,13:32:08,1514.0000,8,1
2026-02-04,600519,13:32:11,1514.5000,12,1
2026-02-04,600519,13:32:14,1514.0000,3,2
2026-02-04,600519,13:32:17,1513.5200,15,2
2026-02-04,600519,13:32:20,1514.7700,3,1
2026-02-04,600519,13:32:23,1514.7700,6,2
2026-02-04,600519,13:32:26,1515.0000,42,1
2026-02-04,600519,13:32:29,1515.0000,15,2
2026-02-04,600519,13:32:32,1516.0000,14,1
2026-02-04,600519,13:32:35,1515.6801,17,2
2026-02-04,600519,13:32:38,1515.6899,6,2
2026-02-04,600519,13:32:41,1517.5000,7,1
2026-02-04,600519,13:32:44,1518.0000,9,1
2026-02-04,600519,13:32:47,1518.0000,8,1
2026-02-04,600519,13:32:50,1518.5000,2,1
2026-02-04,600519,13:32:53,1518.5000,29,2
2026-02-04,600519,13:32:56,1519.0000,28,1
2026-02-04,600519,13:32:59,1518.7900,39,1
2026-02-04,600519,13:33:02,1519.0000,5,1
2026-02-04,600519,13:33:05,1518.8199,17,2
2026-02-04,600519,13:33:08,1518.8800,38,2
2026-02-04,600519,13:33:11,1518.9399,11,1
2026-02-04,600519,13:33:14,1518.9399,22,1
2026-02-04,600519,13:33:17,1518.9399,13,1
2026-02-04,600519,13:33:20,1518.5000,23,2
2026-02-04,600519,13:33:23,1518.7800,21,1
2026-02-04,600519,13:33:26,1518.0000,23,2
2026-02-04,600519,13:33:29,1518.5000,10,1
2026-02-04,600519,13:33:32,1518.8700,11,1
2026-02-04,600519,13:33:35,1518.7800,54,1
2026-02-04,600519,13:33:38,1518.6899,6,2
2026-02-04,600519,13:33:41,1519.0000,14,1
2026-02-04,600519,13:33:44,1518.8600,5,2
2026-02-04,600519,13:33:47,1519.0100,2,1
2026-02-04,600519,13:33:50,1519.1000,3,1
2026-02-04,600519,13:33:53,1519.1000,6,2
2026-02-04,600519,13:33:56,1519.6700,5,1
2026-02-04,600519,13:33:59,1519.7000,3,1
2026-02-04,600519,13:34:02,1518.7800,63,2
2026-02-04,600519,13:34:05,1518.8700,20,1
2026-02-04,600519,13:34:08,1518.0000,10,2
2026-02-04,600519,13:34:11,1517.9000,2,2
2026-02-04,600519,13:34:14,1519.5900,16,1
2026-02-04,600519,13:34:17,1519.6200,7,1
2026-02-04,600519,13:34:20,1519.7200,54,1
2026-02-04,600519,13:34:23,1519.9800,53,1
2026-02-04,600519,13:34:26,1519.9800,38,1
2026-02-04,600519,13:34:29,1519.9301,8,2
2026-02-04,600519,13:34:32,1519.9800,16,1
2026-02-04,600519,13:34:35,1519.5500,2,1
2026-02-04,600519,13:34:38,1518.0100,2,2
2026-02-04,600519,13:34:41,1518.0100,5,2
2026-02-04,600519,13:34:44,1518.0100,14,1
2026-02-04,600519,13:34:47,1518.0000,36,2
2026-02-04,600519,13:34:50,1518.0000,5,2
2026-02-04,600519,13:34:53,1518.0100,13,2
2026-02-04,600519,13:34:56,1517.9100,7,2
2026-02-04,600519,13:34:59,1517.8800,10,2
2026-02-04,600519,13:35:02,1517.8199,1,2
2026-02-04,600519,13:35:05,1517.9100,3,2
2026-02-04,600519,13:35:08,1518.0100,21,2
2026-02-04,600519,13:35:11,1518.0100,3,2
2026-02-04,600519,13:35:14,1519.5400,13,1
2026-02-04,600519,13:35:17,1518.5500,11,2
2026-02-04,600519,13:35:20,1518.9900,3,2
2026-02-04,600519,13:35:23,1519.8000,2,1
2026-02-04,600519,13:35:26,1520.0000,55,1
2026-02-04,600519,13:35:29,1520.0200,14,1
2026-02-04,600519,13:35:32,1520.0400,8,2
2026-02-04,600519,13:35:35,1520.1000,14,2
2026-02-04,600519,13:35:38,1520.2000,2,1
2026-02-04,600519,13:35:41,1520.2100,11,1
2026-02-04,600519,13:35:44,1520.1899,15,1
2026-02-04,600519,13:35:47,1520.5699,11,1
2026-02-04,600519,13:35:50,1520.2100,12,1
2026-02-04,600519,13:35:53,1522.0400,117,1
2026-02-04,600519,13:35:56,1522.0400,25,2
2026-02-04,600519,13:35:59,1522.1801,12,2
2026-02-04,600519,13:36:02,1522.6200,9,1
2026-02-04,600519,13:36:05,1522.6200,64,1
2026-02-04,600519,13:36:08,1522.6600,15,1
2026-02-04,600519,13:36:11,1522.6200,17,1
2026-02-04,600519,13:36:14,1522.1700,7,1
2026-02-04,600519,13:36:17,1520.8800,5,2
2026-02-04,600519,13:36:20,1520.7800,23,2
2026-02-04,600519,13:36:23,1520.8300,42,1
2026-02-04,600519,13:36:26,1520.7500,21,2
2026-02-04,600519,13:36:29,1520.8300,15,1
2026-02-04,600519,13:36:32,1520.8800,23,1
2026-02-04,600519,13:36:35,1520.8000,9,1
2026-02-04,600519,13:36:38,1520.1200,5,2
2026-02-04,600519,13:36:41,1520.2600,15,1
2026-02-04,600519,13:36:44,1520.1200,5,1
2026-02-04,600519,13:36:47,1520.8300,1,1
2026-02-04,600519,13:36:50,1520.8300,2,1
2026-02-04,600519,13:36:53,1520.9900,7,1
2026-02-04,600519,13:36:56,1521.6000,3,1
2026-02-04,600519,13:36:59,1522.5000,12,1
2026-02-04,600519,13:37:02,1522.0000,11,2
2026-02-04,600519,13:37:05,1522.0000,7,2
2026-02-04,600519,13:37:08,1521.9100,33,2
2026-02-04,600519,13:37:11,1520.9900,19,2
2026-02-04,600519,13:37:14,1522.0000,24,1
2026-02-04,600519,13:37:17,1522.0000,23,1
2026-02-04,600519,13:37:20,1522.0000,20,1
2026-02-04,600519,13:37:23,1522.6100,12,1
2026-02-04,600519,13:37:26,1522.5200,13,2
2026-02-04,600519,13:37:29,1522.6000,17,1
2026-02-04,600519,13:37:32,1522.5000,29,1
2026-02-04,600519,13:37:35,1522.5000,10,1
2026-02-04,600519,13:37:38,1522.3900,6,1
2026-02-04,600519,13:37:41,1521.9000,6,2
2026-02-04,600519,13:37:44,1521.8000,11,1
2026-02-04,600519,13:37:47,1520.2000,5,2
2026-02-04,600519,13:37:50,1520.2000,2,2
2026-02-04,600519,13:37:53,1522.0000,2,1
2026-02-04,600519,13:37:56,1522.0000,11,1
2026-02-04,600519,13:37:59,1521.2000,12,2
2026-02-04,600519,13:38:02,1521.2000,15,2
2026-02-04,600519,13:38:05,1521.2000,12,2
2026-02-04,600519,13:38:08,1521.2000,6,2
2026-02-04,600519,13:38:11,1520.2000,24,2
2026-02-04,600519,13:38:14,1519.6899,50,2
2026-02-04,600519,13:38:17,1518.5000,30,2
2026-02-04,600519,13:38:20,1518.0200,21,2
2026-02-04,600519,13:38:23,1521.0500,19,1
2026-02-04,600519,13:38:26,1521.0601,7,1
2026-02-04,600519,13:38:29,1521.0300,39,2
2026-02-04,600519,13:38:32,1521.0000,8,1
2026-02-04,600519,13:38:35,1520.0000,10,1
2026-02-04,600519,13:38:38,1520.9000,3,1
2026-02-04,600519,13:38:41,1520.0000,3,1
2026-02-04,600519,13:38:44,1521.0200,5,1
2026-02-04,600519,13:38:47,1520.4399,5,2
2026-02-04,600519,13:38:50,1521.0000,13,1
2026-02-04,600519,13:38:53,1521.0000,6,1
2026-02-04,600519,13:38:56,1521.0300,15,1
2026-02-04,600519,13:38:59,1520.3600,24,2
2026-02-04,600519,13:39:02,1520.3700,1,2
2026-02-04,600519,13:39:05,1520.3700,5,2
2026-02-04,600519,13:39:08,1520.5000,10,2
2026-02-04,600519,13:39:11,1521.0000,10,1
2026-02-04,600519,13:39:14,1520.9600,10,2
2026-02-04,600519,13:39:17,1520.9700,72,2
2026-02-04,600519,13:39:20,1521.0300,17,1
2026-02-04,600519,13:39:23,1521.0300,22,1
2026-02-04,600519,13:39:26,1521.0300,6,1
2026-02-04,600519,13:39:29,1521.0300,2,1
2026-02-04,600519,13:39:32,1521.0100,16,2
2026-02-04,600519,13:39:35,1521.0100,12,1
2026-02-04,600519,13:39:38,1521.0100,10,1
2026-02-04,600519,13:39:41,1520.9700,20,2
2026-02-04,600519,13:39:44,1520.9200,11,2
2026-02-04,600519,13:39:47,1521.5000,39,1
2026-02-04,600519,13:39:50,1520.9700,4,2
2026-02-04,600519,13:39:53,1520.9700,8,1
2026-02-04,600519,13:39:56,1520.9700,3,1
2026-02-04,600519,13:39:59,1520.0100,6,2
2026-02-04,600519,13:40:02,1521.0800,1,2
2026-02-04,600519,13:40:05,1521.7700,9,2
2026-02-04,600519,13:40:08,1521.7400,5,2
2026-02-04,600519,13:40:11,1521.7500,7,2
2026-02-04,600519,13:40:14,1521.7700,5,1
2026-02-04,600519,13:40:17,1521.9700,11,1
2026-02-04,600519,13:40:20,1521.7800,6,2
2026-02-04,600519,13:40:23,1521.7800,11,2
2026-02-04,600519,13:40:26,1521.9800,6,1
2026-02-04,600519,13:40:29,1521.9800,8,2
2026-02-04,600519,13:40:32,1521.9800,7,2
2026-02-04,600519,13:40:35,1521.9900,8,1
2026-02-04,600519,13:40:38,1522.6600,162,1
2026-02-04,600519,13:40:41,1522.9900,17,1
2026-02-04,600519,13:40:44,1523.0400,35,1
2026-02-04,600519,13:40:47,1523.3000,4,1
2026-02-04,600519,13:40:50,1523.5000,19,1
2026-02-04,600519,13:40:53,1523.5000,8,2
2026-02-04,600519,13:40:56,1523.8800,7,2
2026-02-04,600519,13:40:59,1524.3500,10,1
2026-02-04,600519,13:41:02,1524.2500,4,2
2026-02-04,600519,13:41:05,1524.8000,22,1
2026-02-04,600519,13:41:08,1524.8000,6,1
2026-02-04,600519,13:41:11,1524.8800,4,1
2026-02-04,600519,13:41:14,1524.9700,15,1
2026-02-04,600519,13:41:17,1524.9800,28,2
2026-02-04,600519,13:41:20,1525.0000,68,1
2026-02-04,600519,13:41:23,1525.0000,28,1
2026-02-04,600519,13:41:26,1524.9800,44,2
2026-02-04,600519,13:41:29,1525.0000,8,2
2026-02-04,600519,13:41:32,1525.0000,31,1
2026-02-04,600519,13:41:35,1525.0000,10,2
2026-02-04,600519,13:41:38,1524.9800,58,2
2026-02-04,600519,13:41:41,1524.9000,16,2
2026-02-04,600519,13:41:44,1525.0000,9,1
2026-02-04,600519,13:41:47,1525.0000,5,2
2026-02-04,600519,13:41:50,1525.0500,7,2
2026-02-04,600519,13:41:53,1525.0000,10,2
2026-02-04,600519,13:41:56,1525.0000,2,1
2026-02-04,600519,13:41:59,1525.0000,5,1
2026-02-04,600519,13:42:02,1524.9100,3,2
2026-02-04,600519,13:42:05,1525.0000,14,1
2026-02-04,600519,13:42:08,1525.4900,8,1
2026-02-04,600519,13:42:11,1525.0000,10,2
2026-02-04,600519,13:42:14,1525.0000,2,1
2026-02-04,600519,13:42:17,1525.1000,10,1
2026-02-04,600519,13:42:20,1525.5100,13,1
2026-02-04,600519,13:42:23,1526.0000,18,1
2026-02-04,600519,13:42:26,1525.9700,6,1
2026-02-04,600519,13:42:29,1525.9900,10,1
2026-02-04,600519,13:42:32,1525.9600,18,2
2026-02-04,600519,13:42:35,1526.0000,12,1
2026-02-04,600519,13:42:38,1525.4600,12,2
2026-02-04,600519,13:42:41,1525.4600,15,2
2026-02-04,600519,13:42:44,1523.8800,63,2
2026-02-04,600519,13:42:47,1523.8700,8,2
2026-02-04,600519,13:42:50,1524.9000,4,1
2026-02-04,600519,13:42:53,1523.8700,6,2
2026-02-04,600519,13:42:56,1523.8700,3,2
2026-02-04,600519,13:42:59,1524.8900,4,1
2026-02-04,600519,13:43:02,1523.4200,1,2
2026-02-04,600519,13:43:05,1523.7900,16,1
2026-02-04,600519,13:43:08,1523.4200,8,2
2026-02-04,600519,13:43:11,1523.7900,19,1
2026-02-04,600519,13:43:14,1523.7900,7,1
2026-02-04,600519,13:43:17,1524.9100,30,1
2026-02-04,600519,13:43:20,1524.0400,10,2
2026-02-04,600519,13:43:23,1525.0000,11,1
2026-02-04,600519,13:43:26,1525.0000,4,1
2026-02-04,600519,13:43:29,1525.0400,7,1
2026-02-04,600519,13:43:32,1524.9600,8,2
2026-02-04,600519,13:43:35,1525.0000,11,2
2026-02-04,600519,13:43:38,1524.9800,9,2
2026-02-04,600519,13:43:41,1524.9500,14,2
2026-02-04,600519,13:43:44,1525.0000,12,1
2026-02-04,600519,13:43:47,1525.0100,5,2
2026-02-04,600519,13:43:50,1525.0500,8,2
2026-02-04,600519,13:43:53,1525.0100,5,2
2026-02-04,600519,13:43:56,1525.0000,5,2
2026-02-04,600519,13:43:59,1525.0100,60,1
2026-02-04,600519,13:44:02,1523.0000,193,2
2026-02-04,600519,13:44:05,1523.0000,8,2
2026-02-04,600519,13:44:08,1523.0000,23,1
2026-02-04,600519,13:44:11,1522.9500,10,2
2026-02-04,600519,13:44:14,1521.5000,1,2
2026-02-04,600519,13:44:17,1521.5100,11,2
2026-02-04,600519,13:44:20,1522.0000,7,2
2026-02-04,600519,13:44:23,1521.5100,4,2
2026-02-04,600519,13:44:26,1522.9399,6,1
2026-02-04,600519,13:44:29,1522.9399,4,2
2026-02-04,600519,13:44:32,1521.8700,2,1
2026-02-04,600519,13:44:35,1521.5200,4,2
2026-02-04,600519,13:44:38,1521.5200,9,2
2026-02-04,600519,13:44:41,1521.5100,8,2
2026-02-04,600519,13:44:44,1521.5100,4,2
2026-02-04,600519,13:44:47,1521.5200,13,2
2026-02-04,600519,13:44:50,1521.5100,6,2
2026-02-04,600519,13:44:53,1521.5100,1,2
2026-02-04,600519,13:44:56,1522.5100,12,1
2026-02-04,600519,13:44:59,1521.5200,2,2
2026-02-04,600519,13:45:02,1521.5400,8,1
2026-02-04,600519,13:45:05,1521.5200,5,1
2026-02-04,600519,13:45:08,1522.4700,11,1
2026-02-04,600519,13:45:11,1522.4800,13,1
2026-02-04,600519,13:45:14,1521.5400,116,2
2026-02-04,600519,13:45:17,1521.5400,18,1
2026-02-04,600519,13:45:20,1522.0000,3,1
2026-02-04,600519,13:45:23,1522.5000,13,1
2026-02-04,600519,13:45:26,1522.5100,5,1
2026-02-04,600519,13:45:29,1522.5000,13,2
2026-02-04,600519,13:45:32,1522.5100,10,2
2026-02-04,600519,13:45:35,1522.9301,5,1
2026-02-04,600519,13:45:38,1522.9399,8,2
2026-02-04,600519,13:45:41,1522.9301,6,1
2026-02-04,600519,13:45:44,1522.9600,8,1
2026-02-04,600519,13:45:47,1522.9301,5,1
2026-02-04,600519,13:45:50,1522.9500,16,1
2026-02-04,600519,13:45:53,1522.9301,7,1
2026-02-04,600519,13:45:56,1522.9500,3,1
2026-02-04,600519,13:45:59,1522.5100,9,2
2026-02-04,600519,13:46:02,1523.0000,12,1
2026-02-04,600519,13:46:05,1523.1300,12,1
2026-02-04,600519,13:46:08,1523.1899,10,2
2026-02-04,600519,13:46:11,1523.1300,3,2
2026-02-04,600519,13:46:14,1523.9000,9,2
2026-02-04,600519,13:46:17,1523.8700,7,2
2026-02-04,600519,13:46:20,1523.9500,11,1
2026-02-04,600519,13:46:23,1523.8900,7,1
2026-02-04,600519,13:46:26,1524.0000,5,1
2026-02-04,600519,13:46:29,1523.9900,6,2
2026-02-04,600519,13:46:32,1525.0100,72,1
2026-02-04,600519,13:46:35,1525.0100,13,1
2026-02-04,600519,13:46:38,1525.0200,12,1
2026-02-04,600519,13:46:41,1524.9000,90,2
2026-02-04,600519,13:46:44,1524.9800,35,1
2026-02-04,600519,13:46:47,1523.0000,31,2
2026-02-04,600519,13:46:50,1525.0000,8,1
2026-02-04,600519,13:46:53,1523.0000,5,2
2026-02-04,600519,13:46:56,1524.5200,13,1
2026-02-04,600519,13:46:59,1524.9800,7,1
2026-02-04,600519,13:47:02,1523.0100,18,2
2026-02-04,600519,13:47:05,1523.0100,20,1
2026-02-04,600519,13:47:08,1523.0000,13,1
2026-02-04,600519,13:47:11,1522.9900,5,4
2026-02-04,600519,13:47:14,1522.9500,37,2
2026-02-04,600519,13:47:17,1522.9800,15,1
2026-02-04,600519,13:47:20,1522.0000,11,2
2026-02-04,600519,13:47:23,1522.0500,14,1
2026-02-04,600519,13:47:26,1522.2400,12,1
2026-02-04,600519,13:47:29,1522.2900,15,1
2026-02-04,600519,13:47:32,1522.2400,5,2
2026-02-04,600519,13:47:35,1522.1500,4,2
2026-02-04,600519,13:47:38,1522.1500,2,1
2026-02-04,600519,13:47:41,1522.0500,13,2
2026-02-04,600519,13:47:44,1522.2000,3,1
2026-02-04,600519,13:47:47,1521.8500,7,2
2026-02-04,600519,13:47:50,1521.0100,5,2
2026-02-04,600519,13:47:53,1521.9500,5,1
2026-02-04,600519,13:47:56,1520.9100,6,2
2026-02-04,600519,13:47:59,1521.9399,5,1
2026-02-04,600519,13:48:02,1521.0000,3,2
2026-02-04,600519,13:48:05,1521.1400,3,2
2026-02-04,600519,13:48:08,1522.0300,17,1
2026-02-04,600519,13:48:11,1522.0000,9,2
2026-02-04,600519,13:48:14,1522.0300,6,2
2026-02-04,600519,13:48:17,1522.1801,1,1
2026-02-04,600519,13:48:20,1522.0100,7,2
2026-02-04,600519,13:48:23,1522.1899,2,1
2026-02-04,600519,13:48:26,1522.1899,4,1
2026-02-04,600519,13:48:29,1522.2000,7,1
2026-02-04,600519,13:48:32,1522.2900,3,1
2026-02-04,600519,13:48:35,1522.2000,23,2
2026-02-04,600519,13:48:38,1522.2800,4,2
2026-02-04,600519,13:48:41,1522.2800,4,2
2026-02-04,600519,13:48:44,1522.1899,6,2
2026-02-04,600519,13:48:47,1522.1899,13,2
2026-02-04,600519,13:48:50,1522.5900,1,1
2026-02-04,600519,13:48:53,1522.0100,13,2
2026-02-04,600519,13:48:56,1522.5699,2,1
2026-02-04,600519,13:48:59,1522.1899,7,2
2026-02-04,600519,13:49:02,1522.5699,51,1
2026-02-04,600519,13:49:05,1520.3101,10,2
2026-02-04,600519,13:49:11,1522.0601,7,1
2026-02-04,600519,13:49:14,1522.0601,2,2
2026-02-04,600519,13:49:17,1522.0601,4,2
2026-02-04,600519,13:49:20,1522.0601,7,1
2026-02-04,600519,13:49:23,1520.3101,2,2
2026-02-04,600519,13:49:26,1520.3300,6,2
2026-02-04,600519,13:49:32,1521.9900,5,1
2026-02-04,600519,13:49:35,1521.9900,5,1
2026-02-04,600519,13:49:38,1520.2300,4,2
2026-02-04,600519,13:49:41,1520.2300,2,2
2026-02-04,600519,13:49:44,1520.3101,3,1
2026-02-04,600519,13:49:47,1520.3101,7,1
2026-02-04,600519,13:49:50,1520.2300,5,2
2026-02-04,600519,13:49:53,1521.9000,5,1
2026-02-04,600519,13:49:56,1520.3101,19,2
2026-02-04,600519,13:49:59,1521.9600,12,1
2026-02-04,600519,13:50:02,1521.9301,2,1
2026-02-04,600519,13:50:05,1521.9000,3,1
2026-02-04,600519,13:50:08,1521.9800,19,1
2026-02-04,600519,13:50:11,1520.9600,6,2
2026-02-04,600519,13:50:14,1520.9500,4,2
2026-02-04,600519,13:50:17,1520.7000,1,2
2026-02-04,600519,13:50:20,1520.9000,33,1
2026-02-04,600519,13:50:23,1522.0000,8,1
2026-02-04,600519,13:50:26,1521.0100,1,2
2026-02-04,600519,13:50:29,1521.9000,3,1
2026-02-04,600519,13:50:32,1521.9000,15,1
2026-02-04,600519,13:50:35,1522.0000,11,1
2026-02-04,600519,13:50:38,1521.9000,8,2
2026-02-04,600519,13:50:41,1521.8500,33,2
2026-02-04,600519,13:50:44,1522.0300,10,1
2026-02-04,600519,13:50:47,1522.0000,3,1
2026-02-04,600519,13:50:50,1522.2200,25,1
2026-02-04,600519,13:50:53,1521.9000,6,2
2026-02-04,600519,13:50:56,1521.8000,3,2
2026-02-04,600519,13:50:59,1522.0000,3,1
2026-02-04,600519,13:51:02,1522.5000,7,1
2026-02-04,600519,13:51:05,1522.5500,7,1
2026-02-04,600519,13:51:08,1522.5699,8,1
2026-02-04,600519,13:51:11,1522.4399,4,2
2026-02-04,600519,13:51:14,1522.0100,2,2
2026-02-04,600519,13:51:17,1521.6899,75,2
2026-02-04,600519,13:51:20,1520.3101,21,2
2026-02-04,600519,13:51:23,1520.3101,9,2
2026-02-04,600519,13:51:26,1520.3101,8,2
2026-02-04,600519,13:51:29,1520.0000,21,2
2026-02-04,600519,13:51:32,1520.3101,55,1
2026-02-04,600519,13:51:35,1520.3101,30,2
2026-02-04,600519,13:51:38,1521.6400,15,1
2026-02-04,600519,13:51:41,1521.6600,7,1
2026-02-04,600519,13:51:44,1520.2100,2,2
2026-02-04,600519,13:51:47,1519.0300,1,2
2026-02-04,600519,13:51:50,1520.5000,2,2
2026-02-04,600519,13:51:53,1519.0601,57,2
2026-02-04,600519,13:51:56,1519.0601,6,2
2026-02-04,600519,13:51:59,1522.4000,54,1
2026-02-04,600519,13:52:02,1520.5000,6,2
2026-02-04,600519,13:52:05,1521.8000,6,1
2026-02-04,600519,13:52:08,1521.0000,2,1
2026-02-04,600519,13:52:11,1521.0500,1,2
2026-02-04,600519,13:52:14,1520.9600,6,2
2026-02-04,600519,13:52:17,1521.0500,5,2
2026-02-04,600519,13:52:20,1520.5000,6,2
2026-02-04,600519,13:52:23,1520.4600,4,2
2026-02-04,600519,13:52:26,1520.4100,1,2
2026-02-04,600519,13:52:29,1520.4100,2,2
2026-02-04,600519,13:52:32,1520.4100,12,2
2026-02-04,600519,13:52:35,1520.5100,4,1
2026-02-04,600519,13:52:38,1520.4500,9,2
2026-02-04,600519,13:52:41,1520.9000,6,1
2026-02-04,600519,13:52:44,1520.4100,4,2
2026-02-04,600519,13:52:47,1520.0000,6,2
2026-02-04,600519,13:52:50,1520.9900,16,1
2026-02-04,600519,13:52:53,1520.9900,45,2
2026-02-04,600519,13:52:56,1520.0000,7,2
2026-02-04,600519,13:52:59,1520.6700,10,1
2026-02-04,600519,13:53:02,1520.9900,9,1
2026-02-04,600519,13:53:05,1521.0000,53,1
2026-02-04,600519,13:53:08,1520.0100,15,2
2026-02-04,600519,13:53:11,1520.0000,11,2
2026-02-04,600519,13:53:14,1521.5100,14,1
2026-02-04,600519,13:53:17,1520.0100,9,2
2026-02-04,600519,13:53:20,1520.0000,3,2
2026-02-04,600519,13:53:23,1520.0100,3,2
2026-02-04,600519,13:53:26,1520.3101,4,1
2026-02-04,600519,13:53:32,1520.4100,6,1
2026-02-04,600519,13:53:35,1520.4100,3,2
2026-02-04,600519,13:53:38,1520.4200,1,2
2026-02-04,600519,13:53:41,1520.4100,4,1
2026-02-04,600519,13:53:44,1521.0000,5,1
2026-02-04,600519,13:53:47,1521.0000,13,2
2026-02-04,600519,13:53:50,1521.0100,9,2
2026-02-04,600519,13:53:53,1521.0000,4,2
2026-02-04,600519,13:53:56,1522.0000,47,1
2026-02-04,600519,13:53:59,1522.0400,3,1
2026-02-04,600519,13:54:02,1522.5500,21,1
2026-02-04,600519,13:54:05,1522.9700,2,1
2026-02-04,600519,13:54:08,1523.0000,10,1
2026-02-04,600519,13:54:11,1522.5800,7,2
2026-02-04,600519,13:54:14,1523.0000,33,1
2026-02-04,600519,13:54:17,1523.0000,15,1
2026-02-04,600519,13:54:20,1522.9900,8,1
2026-02-04,600519,13:54:23,1521.0000,80,2
2026-02-04,600519,13:54:26,1521.0000,17,2
2026-02-04,600519,13:54:29,1521.0000,4,2
2026-02-04,600519,13:54:32,1522.6801,52,1
2026-02-04,600519,13:54:35,1521.0100,23,2
2026-02-04,600519,13:54:38,1522.5500,34,1
2026-02-04,600519,13:54:41,1522.5000,4,1
2026-02-04,600519,13:54:44,1520.9100,8,2
2026-02-04,600519,13:54:47,1522.5500,60,1
2026-02-04,600519,13:54:50,1522.5500,19,2
2026-02-04,600519,13:54:53,1523.7900,63,1
2026-02-04,600519,13:54:56,1523.0000,14,1
2026-02-04,600519,13:54:59,1523.7700,10,1
2026-02-04,600519,13:55:02,1523.7900,5,1
2026-02-04,600519,13:55:05,1521.9700,4,2
2026-02-04,600519,13:55:08,1523.9399,14,1
2026-02-04,600519,13:55:11,1523.7800,60,2
2026-02-04,600519,13:55:14,1523.9500,16,1
2026-02-04,600519,13:55:17,1523.9500,63,1
2026-02-04,600519,13:55:20,1521.9000,6,2
2026-02-04,600519,13:55:23,1523.4399,7,1
2026-02-04,600519,13:55:26,1522.0100,16,2
2026-02-04,600519,13:55:29,1522.0100,25,2
2026-02-04,600519,13:55:32,1523.8600,4,1
2026-02-04,600519,13:55:35,1521.2000,60,2
2026-02-04,600519,13:55:38,1521.2000,7,2
2026-02-04,600519,13:55:41,1521.1100,60,2
2026-02-04,600519,13:55:44,1521.2500,5,1
2026-02-04,600519,13:55:47,1521.0500,19,2
2026-02-04,600519,13:55:50,1521.1000,13,1
2026-02-04,600519,13:55:53,1521.0000,11,2
2026-02-04,600519,13:55:56,1522.1899,14,1
2026-02-04,600519,13:55:59,1522.1899,18,2
2026-02-04,600519,13:56:02,1522.0900,45,2
2026-02-04,600519,13:56:05,1523.0500,15,1
2026-02-04,600519,13:56:08,1522.0000,8,2
2026-02-04,600519,13:56:11,1523.6899,4,1
2026-02-04,600519,13:56:14,1522.1899,20,2
2026-02-04,600519,13:56:17,1522.0000,36,2
2026-02-04,600519,13:56:20,1523.4000,17,1
2026-02-04,600519,13:56:23,1523.4800,26,1
2026-02-04,600519,13:56:26,1522.0000,21,2
2026-02-04,600519,13:56:29,1522.0000,8,1
2026-02-04,600519,13:56:32,1522.0000,15,1
2026-02-04,600519,13:56:35,1522.1000,17,2
2026-02-04,600519,13:56:38,1522.0000,11,2
2026-02-04,600519,13:56:41,1521.9900,7,1
2026-02-04,600519,13:56:44,1521.9900,3,1
2026-02-04,600519,13:56:47,1522.0000,3,1
2026-02-04,600519,13:56:50,1520.5000,20,2
2026-02-04,600519,13:56:53,1520.9900,3,1
2026-02-04,600519,13:56:56,1520.9000,10,2
2026-02-04,600519,13:56:59,1520.5000,56,2
2026-02-04,600519,13:57:02,1519.9000,8,2
2026-02-04,600519,13:57:05,1519.7500,30,2
2026-02-04,600519,13:57:08,1519.0000,7,2
2026-02-04,600519,13:57:11,1519.2300,6,2
2026-02-04,600519,13:57:14,1519.0000,9,2
2026-02-04,600519,13:57:17,1518.9900,5,1
2026-02-04,600519,13:57:20,1518.0300,6,2
2026-02-04,600519,13:57:23,1517.9800,19,2
2026-02-04,600519,13:57:26,1518.0100,5,2
2026-02-04,600519,13:57:29,1518.0000,5,1
2026-02-04,600519,13:57:32,1517.9900,3,1
2026-02-04,600519,13:57:35,1517.9000,2,2
2026-02-04,600519,13:57:38,1517.0000,16,2
2026-02-04,600519,13:57:41,1516.8600,13,2
2026-02-04,600519,13:57:44,1516.9100,9,1
2026-02-04,600519,13:57:47,1516.3199,7,2
2026-02-04,600519,13:57:50,1517.0000,56,1
2026-02-04,600519,13:57:53,1516.4100,59,1
2026-02-04,600519,13:57:56,1516.7900,20,1
2026-02-04,600519,13:57:59,1516.4100,30,1
2026-02-04,600519,13:58:02,1517.9000,49,1
2026-02-04,600519,13:58:05,1516.4100,71,2
2026-02-04,600519,13:58:08,1517.0000,13,2
2026-02-04,600519,13:58:11,1518.0300,4,1
2026-02-04,600519,13:58:14,1517.8000,5,2
2026-02-04,600519,13:58:17,1518.0300,4,1
2026-02-04,600519,13:58:20,1518.0200,3,1
2026-02-04,600519,13:58:23,1518.5800,48,1
2026-02-04,600519,13:58:26,1519.2300,11,1
2026-02-04,600519,13:58:29,1518.5900,1,2
2026-02-04,600519,13:58:32,1519.2500,6,1
2026-02-04,600519,13:58:35,1520.0000,8,1
2026-02-04,600519,13:58:38,1520.0000,6,1
2026-02-04,600519,13:58:41,1519.7800,6,1
2026-02-04,600519,13:58:44,1519.2300,9,2
2026-02-04,600519,13:58:47,1519.2300,2,2
2026-02-04,600519,13:58:50,1519.7800,4,1
2026-02-04,600519,13:58:53,1519.9800,6,1
2026-02-04,600519,13:58:56,1520.0000,4,1
2026-02-04,600519,13:58:59,1520.0400,4,1
2026-02-04,600519,13:59:02,1520.0800,3,1
2026-02-04,600519,13:59:05,1520.0900,11,2
2026-02-04,600519,13:59:08,1520.3300,16,2
2026-02-04,600519,13:59:11,1520.3300,2,2
2026-02-04,600519,13:59:14,1521.0000,10,1
2026-02-04,600519,13:59:17,1520.3300,5,2
2026-02-04,600519,13:59:20,1520.3300,1,2
2026-02-04,600519,13:59:23,1520.3400,6,2
2026-02-04,600519,13:59:26,1520.9900,9,1
2026-02-04,600519,13:59:29,1521.0000,1,1
2026-02-04,600519,13:59:32,1520.3300,5,2
2026-02-04,600519,13:59:35,1520.4301,3,1
2026-02-04,600519,13:59:38,1520.3300,5,2
2026-02-04,600519,13:59:41,1520.9900,17,1
2026-02-04,600519,13:59:44,1521.0000,3,1
2026-02-04,600519,13:59:47,1520.3500,3,2
2026-02-04,600519,13:59:50,1520.9900,3,1
2026-02-04,600519,13:59:53,1521.3000,14,1
2026-02-04,600519,13:59:56,1521.0000,7,2
2026-02-04,600519,13:59:59,1521.9700,3,1
2026-02-04,600519,14:00:02,1521.9600,14,1
2026-02-04,600519,14:00:05,1521.0000,11,2
2026-02-04,600519,14:00:08,1521.7300,4,2
2026-02-04,600519,14:00:11,1521.9600,15,1
2026-02-04,600519,14:00:14,1521.9600,4,1
2026-02-04,600519,14:00:17,1521.0200,3,2
2026-02-04,600519,14:00:20,1521.9900,5,1
2026-02-04,600519,14:00:23,1521.8800,9,1
2026-02-04,600519,14:00:26,1521.9000,3,1
2026-02-04,600519,14:00:29,1521.8101,9,2
2026-02-04,600519,14:00:32,1521.8101,33,1
2026-02-04,600519,14:00:35,1522.0000,6,1
2026-02-04,600519,14:00:38,1522.0000,19,1
2026-02-04,600519,14:00:41,1522.2200,10,1
2026-02-04,600519,14:00:44,1521.9000,18,2
2026-02-04,600519,14:00:47,1522.0000,5,1
2026-02-04,600519,14:00:50,1521.9900,7,1
2026-02-04,600519,14:00:53,1522.0000,8,2
2026-02-04,600519,14:00:56,1522.0000,5,2
2026-02-04,600519,14:00:59,1521.8500,9,2
2026-02-04,600519,14:01:02,1522.0000,4,2
2026-02-04,600519,14:01:05,1522.6200,8,1
2026-02-04,600519,14:01:08,1522.9700,17,1
2026-02-04,600519,14:01:11,1523.0000,5,1
2026-02-04,600519,14:01:14,1523.4000,19,1
2026-02-04,600519,14:01:17,1523.4800,4,1
2026-02-04,600519,14:01:20,1523.5900,6,1
2026-02-04,600519,14:01:23,1523.4800,3,2
2026-02-04,600519,14:01:26,1523.8800,5,1
2026-02-04,600519,14:01:29,1523.6899,4,2
2026-02-04,600519,14:01:32,1524.0000,20,1
2026-02-04,600519,14:01:35,1524.0400,74,1
2026-02-04,600519,14:01:38,1524.0100,15,2
2026-02-04,600519,14:01:41,1524.0400,7,1
2026-02-04,600519,14:01:44,1525.0000,9,1
2026-02-04,600519,14:01:47,1524.9900,11,1
2026-02-04,600519,14:01:50,1524.0100,6,2
2026-02-04,600519,14:01:53,1524.9800,54,1
2026-02-04,600519,14:01:56,1524.9900,12,1
2026-02-04,600519,14:01:59,1524.9900,136,1
2026-02-04,600519,14:02:02,1524.9600,18,1
2026-02-04,600519,14:02:05,1524.9600,4,1
2026-02-04,600519,14:02:08,1524.2000,2,2
2026-02-04,600519,14:02:11,1524.9399,6,1
2026-02-04,600519,14:02:14,1524.1600,9,2
2026-02-04,600519,14:02:17,1524.1000,10,2
2026-02-04,600519,14:02:20,1524.9500,4,1
2026-02-04,600519,14:02:23,1524.2100,11,2
2026-02-04,600519,14:02:26,1524.9700,14,1
2026-02-04,600519,14:02:29,1524.9800,5,1
2026-02-04,600519,14:02:32,1524.9900,14,1
2026-02-04,600519,14:02:35,1524.9900,16,1
2026-02-04,600519,14:02:38,1524.9600,4,2
2026-02-04,600519,14:02:41,1524.9800,22,1
2026-02-04,600519,14:02:44,1524.9700,5,2
2026-02-04,600519,14:02:47,1524.8500,23,2
2026-02-04,600519,14:02:50,1524.9500,4,1
2026-02-04,600519,14:02:53,1524.9500,13,1
2026-02-04,600519,14:02:56,1524.9500,5,1
2026-02-04,600519,14:02:59,1524.2300,4,2
2026-02-04,600519,14:03:02,1524.9500,3,1
2026-02-04,600519,14:03:05,1524.9200,45,1
2026-02-04,600519,14:03:08,1524.0400,7,2
2026-02-04,600519,14:03:11,1524.1300,14,2
2026-02-04,600519,14:03:14,1524.1801,9,1
2026-02-04,600519,14:03:17,1524.9000,9,1
2026-02-04,600519,14:03:20,1524.9000,1,1
2026-02-04,600519,14:03:23,1524.8900,2,1
2026-02-04,600519,14:03:26,1524.8800,2,1
2026-02-04,600519,14:03:29,1524.8800,4,1
2026-02-04,600519,14:03:32,1524.8800,1,1
2026-02-04,600519,14:03:35,1525.0000,59,1
2026-02-04,600519,14:03:38,1524.0200,6,2
2026-02-04,600519,14:03:41,1525.0000,14,1
2026-02-04,600519,14:03:44,1524.9900,7,1
2026-02-04,600519,14:03:47,1524.8800,3,2
2026-02-04,600519,14:03:50,1524.8900,4,2
2026-02-04,600519,14:03:53,1525.0100,58,1
2026-02-04,600519,14:03:56,1525.0100,14,2
2026-02-04,600519,14:03:59,1525.0200,7,1
2026-02-04,600519,14:04:02,1525.0300,7,1
2026-02-04,600519,14:04:05,1525.1600,8,1
2026-02-04,600519,14:04:08,1525.0500,12,1
2026-02-04,600519,14:04:11,1525.0601,6,2
2026-02-04,600519,14:04:14,1525.0699,3,2
2026-02-04,600519,14:04:17,1525.1801,4,1
2026-02-04,600519,14:04:20,1525.1801,7,2
2026-02-04,600519,14:04:23,1525.1801,5,2
2026-02-04,600519,14:04:26,1525.3000,17,1
2026-02-04,600519,14:04:29,1525.1600,42,2
2026-02-04,600519,14:04:32,1525.1600,16,1
2026-02-04,600519,14:04:35,1525.1801,8,1
2026-02-04,600519,14:04:38,1525.1100,8,2
2026-02-04,600519,14:04:41,1525.0000,40,2
2026-02-04,600519,14:04:44,1525.1000,27,1
2026-02-04,600519,14:04:47,1524.9900,3,1
2026-02-04,600519,14:04:50,1524.9700,12,2
2026-02-04,600519,14:04:53,1525.2200,57,1
2026-02-04,600519,14:04:56,1525.0900,27,2
2026-02-04,600519,14:04:59,1525.0900,5,2
2026-02-04,600519,14:05:02,1525.0900,8,2
2026-02-04,600519,14:05:05,1525.0900,4,2
2026-02-04,600519,14:05:08,1525.0800,1,2
2026-02-04,600519,14:05:11,1525.0900,15,2
2026-02-04,600519,14:05:14,1525.0900,8,2
2026-02-04,600519,14:05:17,1525.0900,5,1
2026-02-04,600519,14:05:20,1525.0900,17,1
2026-02-04,600519,14:05:23,1525.0800,7,2
2026-02-04,600519,14:05:26,1525.0601,10,2
2026-02-04,600519,14:05:29,1525.0800,5,1
2026-02-04,600519,14:05:32,1525.0699,10,2
2026-02-04,600519,14:05:35,1525.1000,9,1
2026-02-04,600519,14:05:38,1525.1700,6,2
2026-02-04,600519,14:05:41,1525.1700,10,2
2026-02-04,600519,14:05:44,1525.1700,7,2
2026-02-04,600519,14:05:47,1525.0601,10,2
2026-02-04,600519,14:05:50,1525.1500,2,1
2026-02-04,600519,14:05:53,1525.0699,4,2
2026-02-04,600519,14:05:56,1525.1700,3,1
2026-02-04,600519,14:05:59,1525.1700,4,1
2026-02-04,600519,14:06:02,1525.1200,3,2
2026-02-04,600519,14:06:05,1525.1000,3,2
2026-02-04,600519,14:06:08,1525.1000,7,2
2026-02-04,600519,14:06:11,1525.0000,11,2
2026-02-04,600519,14:06:14,1524.0000,39,2
2026-02-04,600519,14:06:17,1524.0000,6,2
2026-02-04,600519,14:06:20,1523.7000,6,2
2026-02-04,600519,14:06:23,1523.5699,35,2
2026-02-04,600519,14:06:26,1522.9000,7,2
2026-02-04,600519,14:06:29,1522.1801,7,2
2026-02-04,600519,14:06:32,1523.5800,15,1
2026-02-04,600519,14:06:35,1524.0000,51,1
2026-02-04,600519,14:06:38,1524.4100,1,1
2026-02-04,600519,14:06:41,1524.3101,8,2
2026-02-04,600519,14:06:44,1524.0000,13,2
2026-02-04,600519,14:06:47,1524.0000,4,2
2026-02-04,600519,14:06:50,1524.0000,11,1
2026-02-04,600519,14:06:53,1524.0300,8,1
2026-02-04,600519,14:06:56,1524.0300,4,2
2026-02-04,600519,10:55:53,1499.2500,2,2
2026-02-04,600519,10:55:56,1499.9900,2,1
2026-02-04,600519,10:55:59,1499.1500,9,2
2026-02-04,600519,10:56:02,1499.9800,3,1
2026-02-04,600519,10:56:05,1499.2000,3,2
2026-02-04,600519,10:56:08,1499.2000,11,2
2026-02-04,600519,10:56:11,1499.2000,2,2
2026-02-04,600519,10:56:14,1499.2000,18,2
2026-02-04,600519,10:56:17,1499.1500,2,2
2026-02-04,600519,10:56:20,1500.0000,3,1
2026-02-04,600519,10:56:23,1500.0000,6,1
2026-02-04,600519,10:56:26,1499.1801,2,2
2026-02-04,600519,10:56:29,1499.9800,4,1
2026-02-04,600519,10:56:32,1499.9900,8,1
2026-02-04,600519,10:56:35,1499.9800,3,2
2026-02-04,600519,10:56:38,1499.9900,7,1
2026-02-04,600519,10:56:41,1499.9900,8,1
2026-02-04,600519,10:56:44,1500.2000,113,1
2026-02-04,600519,10:56:47,1500.5000,36,1
2026-02-04,600519,10:56:50,1500.5000,23,2
2026-02-04,600519,10:56:53,1500.5100,8,2
2026-02-04,600519,10:56:56,1500.5200,3,2
2026-02-04,600519,10:56:59,1501.0000,6,1
2026-02-04,600519,10:57:02,1500.5000,6,2
2026-02-04,600519,10:57:05,1500.5000,3,1
2026-02-04,600519,10:57:11,1500.4700,4,2
2026-02-04,600519,10:57:14,1500.5100,28,1
2026-02-04,600519,10:57:17,1500.4700,16,2
2026-02-04,600519,10:57:20,1501.0300,7,1
2026-02-04,600519,10:57:23,1501.0000,6,1
2026-02-04,600519,10:57:26,1501.0000,2,1
2026-02-04,600519,10:57:29,1500.4800,1,2
2026-02-04,600519,10:57:32,1500.4800,3,2
2026-02-04,600519,10:57:35,1500.4800,3,1
2026-02-04,600519,10:57:38,1500.4700,2,2
2026-02-04,600519,10:57:41,1500.4600,1,1
2026-02-04,600519,10:57:44,1500.4800,20,1
2026-02-04,600519,10:57:47,1500.4800,5,2
2026-02-04,600519,10:57:50,1500.4800,8,2
2026-02-04,600519,10:57:53,1500.4800,2,2
2026-02-04,600519,10:57:56,1500.4800,3,2
2026-02-04,600519,10:57:59,1500.5800,4,2
2026-02-04,600519,10:58:02,1500.4800,9,2
2026-02-04,600519,10:58:05,1500.6801,2,1
2026-02-04,600519,10:58:08,1500.9700,2,1
2026-02-04,600519,10:58:11,1500.9800,5,1
2026-02-04,600519,10:58:14,1500.9800,16,1
2026-02-04,600519,10:58:17,1501.0000,7,1
2026-02-04,600519,10:58:20,1501.2100,7,1
2026-02-04,600519,10:58:23,1501.2900,5,1
2026-02-04,600519,10:58:26,1501.0300,6,2
2026-02-04,600519,10:58:29,1501.0300,20,2
2026-02-04,600519,10:58:32,1500.9301,11,2
2026-02-04,600519,10:58:35,1499.8000,21,2
2026-02-04,600519,10:58:38,1499.8000,3,2
2026-02-04,600519,10:58:41,1500.4500,8,1
2026-02-04,600519,10:58:44,1500.9500,22,1
2026-02-04,600519,10:58:47,1499.2000,3,2
2026-02-04,600519,10:58:53,1500.0000,1,2
2026-02-04,600519,10:58:56,1499.9000,3,2
2026-02-04,600519,10:58:59,1499.0000,38,2
2026-02-04,600519,10:59:02,1499.0000,9,1
2026-02-04,600519,10:59:05,1499.0000,2,1
2026-02-04,600519,10:59:08,1499.0000,2,1
2026-02-04,600519,10:59:11,1499.0000,1,2
2026-02-04,600519,10:59:14,1500.1100,18,1
2026-02-04,600519,10:59:17,1499.0100,5,2
2026-02-04,600519,10:59:20,1500.0000,2,2
2026-02-04,600519,10:59:23,1500.0100,2,2
2026-02-04,600519,10:59:26,1500.0000,1,2
2026-02-04,600519,10:59:29,1500.0000,4,1
2026-02-04,600519,10:59:32,1500.0000,1,1
2026-02-04,600519,10:59:35,1499.8500,7,2
2026-02-04,600519,10:59:38,1499.0100,5,2
2026-02-04,600519,10:59:44,1499.6500,7,1
2026-02-04,600519,10:59:47,1499.8500,6,1
2026-02-04,600519,10:59:50,1500.0000,2,1
2026-02-04,600519,10:59:53,1499.6400,22,2
2026-02-04,600519,10:59:56,1499.9900,4,1
2026-02-04,600519,10:59:59,1499.6400,1,2
2026-02-04,600519,11:00:02,1500.0000,23,1
2026-02-04,600519,11:00:05,1500.0800,7,1
2026-02-04,600519,11:00:08,1500.0100,28,2
2026-02-04,600519,11:00:11,1499.8101,5,2
2026-02-04,600519,11:00:14,1500.0100,10,1
2026-02-04,600519,11:00:17,1500.0100,8,2
2026-02-04,600519,11:00:20,1500.0000,10,1
2026-02-04,600519,11:00:23,1499.9000,4,2
2026-02-04,600519,11:00:26,1499.9100,12,2
2026-02-04,600519,11:00:29,1500.0000,7,1
2026-02-04,600519,11:00:32,1499.9100,9,2
2026-02-04,600519,11:00:35,1499.9100,4,2
2026-02-04,600519,11:00:38,1500.0000,5,1
2026-02-04,600519,11:00:41,1499.9200,2,2
2026-02-04,600519,11:00:44,1499.9200,20,2
2026-02-04,600519,11:00:47,1499.9200,5,2
2026-02-04,600519,11:00:50,1499.9000,9,2
2026-02-04,600519,11:00:53,1499.9100,47,4
2026-02-04,600519,11:00:56,1499.9000,10,1
2026-02-04,600519,11:00:59,1499.9000,4,1
2026-02-04,600519,11:01:05,1499.9000,13,1
2026-02-04,600519,11:01:08,1499.3101,4,2
2026-02-04,600519,11:01:11,1499.3000,3,2
2026-02-04,600519,11:01:14,1499.9100,17,1
2026-02-04,600519,11:01:17,1499.3000,3,2
2026-02-04,600519,11:01:20,1499.3101,4,2
2026-02-04,600519,11:01:23,1499.3000,2,2
2026-02-04,600519,11:01:26,1499.3000,25,2
2026-02-04,600519,11:01:29,1498.0000,9,2
2026-02-04,600519,11:01:32,1499.3000,1,1
2026-02-04,600519,11:01:35,1498.0000,8,2
2026-02-04,600519,11:01:38,1497.9100,2,2
2026-02-04,600519,11:01:41,1497.9100,4,2
2026-02-04,600519,11:01:44,1499.2500,51,1
2026-02-04,600519,11:01:47,1499.2900,10,1
2026-02-04,600519,11:01:50,1499.1500,3,1
2026-02-04,600519,11:01:53,1499.0000,4,2
2026-02-04,600519,11:01:56,1499.0900,5,2
2026-02-04,600519,11:01:59,1498.8300,4,2
2026-02-04,600519,11:02:02,1497.9100,6,2
2026-02-04,600519,11:02:05,1497.6500,4,2
2026-02-04,600519,11:02:11,1498.9900,5,1
2026-02-04,600519,11:02:14,1497.9100,17,2
2026-02-04,600519,11:02:17,1498.9900,3,1
2026-02-04,600519,11:02:20,1499.0000,3,1
2026-02-04,600519,11:02:23,1497.7700,2,2
2026-02-04,600519,11:02:26,1497.8000,1,2
2026-02-04,600519,11:02:29,1497.8000,8,2
2026-02-04,600519,11:02:32,1497.8000,2,2
2026-02-04,600519,11:02:35,1497.8800,1,2
2026-02-04,600519,11:02:38,1499.0000,12,1
2026-02-04,600519,11:02:41,1497.8800,1,2
2026-02-04,600519,11:02:44,1498.9900,11,1
2026-02-04,600519,11:02:47,1498.0000,8,2
2026-02-04,600519,11:02:50,1497.9399,9,2
2026-02-04,600519,11:02:53,1497.9700,11,1
2026-02-04,600519,11:02:56,1497.9500,11,2
2026-02-04,600519,11:02:59,1497.9800,2,2
2026-02-04,600519,11:03:02,1497.7700,23,2
2026-02-04,600519,11:03:05,1497.6100,11,2
2026-02-04,600519,11:03:08,1497.0699,7,2
2026-02-04,600519,11:03:11,1497.1100,24,2
2026-02-04,600519,11:03:14,1497.0000,27,2
2026-02-04,600519,11:03:17,1496.4200,10,2
2026-02-04,600519,11:03:20,1497.0000,6,1
2026-02-04,600519,11:03:23,1496.6200,2,2
2026-02-04,600519,11:03:26,1497.0000,12,1
2026-02-04,600519,11:03:29,1497.0601,4,1
2026-02-04,600519,11:03:32,1497.0000,8,2
2026-02-04,600519,11:03:35,1497.0000,1,2
2026-02-04,600519,11:03:38,1497.0100,1,2
2026-02-04,600519,11:03:41,1497.6200,3,1
2026-02-04,600519,11:03:44,1497.6801,8,1
2026-02-04,600519,11:03:47,1497.7000,2,2
2026-02-04,600519,11:03:50,1497.8800,2,1
2026-02-04,600519,11:03:53,1497.8900,7,2
2026-02-04,600519,11:03:56,1498.0100,1,1
2026-02-04,600519,11:04:02,1498.0300,2,1
2026-02-04,600519,11:04:08,1498.0000,6,1
2026-02-04,600519,11:04:11,1498.1100,3,1
2026-02-04,600519,11:04:14,1498.5000,48,1
2026-02-04,600519,11:04:17,1498.5000,13,1
2026-02-04,600519,11:04:20,1498.5000,5,1
2026-02-04,600519,11:04:23,1498.0000,7,2
2026-02-04,600519,11:04:26,1498.5000,5,1
2026-02-04,600519,11:04:29,1498.5000,3,1
2026-02-04,600519,11:04:32,1498.5000,1,1
2026-02-04,600519,11:04:35,1498.0000,5,2
2026-02-04,600519,11:04:38,1497.9700,12,2
2026-02-04,600519,11:04:41,1497.9500,2,2
2026-02-04,600519,11:04:44,1498.5000,20,1
2026-02-04,600519,11:04:47,1498.5000,17,1
2026-02-04,600519,11:04:50,1498.5000,4,2
2026-02-04,600519,11:04:53,1498.9900,5,1
2026-02-04,600519,11:04:56,1498.5000,2,2
2026-02-04,600519,11:04:59,1498.4301,4,2
2026-02-04,600519,11:05:02,1498.4000,11,2
2026-02-04,600519,11:05:05,1498.3101,7,2
2026-02-04,600519,11:05:08,1498.2500,7,1
2026-02-04,600519,11:05:11,1497.6899,29,2
2026-02-04,600519,11:05:14,1498.1000,22,1
2026-02-04,600519,11:05:17,1497.6899,3,1
2026-02-04,600519,11:05:23,1497.6000,3,2
2026-02-04,600519,11:05:26,1496.5300,5,2
2026-02-04,600519,11:05:32,1497.0100,7,2
2026-02-04,600519,11:05:35,1497.0100,4,2
2026-02-04,600519,11:05:38,1498.4000,4,1
2026-02-04,600519,11:05:41,1496.9000,2,2
2026-02-04,600519,11:05:44,1498.4100,19,1
2026-02-04,600519,11:05:47,1496.9100,4,2
2026-02-04,600519,11:05:50,1496.9000,4,2
2026-02-04,600519,11:05:53,1497.0100,3,2
2026-02-04,600519,11:05:56,1497.7700,1,1
2026-02-04,600519,11:05:59,1496.9000,1,2
2026-02-04,600519,11:06:02,1496.9100,4,1
2026-02-04,600519,11:06:05,1497.0100,8,2
2026-02-04,600519,11:06:08,1497.7600,2,1
2026-02-04,600519,11:06:11,1496.9301,3,2
2026-02-04,600519,11:06:14,1498.0000,5,1
2026-02-04,600519,11:06:17,1498.0000,6,2
2026-02-04,600519,11:06:20,1498.9200,12,1
2026-02-04,600519,11:06:23,1498.9200,1,1
2026-02-04,600519,11:06:26,1498.3900,2,2
2026-02-04,600519,11:06:29,1498.9200,6,1
2026-02-04,600519,11:06:32,1498.2900,3,2
2026-02-04,600519,11:06:35,1498.2900,1,2
2026-02-04,600519,11:06:38,1498.8900,2,1
2026-02-04,600519,11:06:41,1498.8900,1,1
2026-02-04,600519,11:06:44,1499.1500,15,1
2026-02-04,600519,11:06:47,1499.1500,14,2
2026-02-04,600519,11:06:50,1499.1500,5,1
2026-02-04,600519,11:06:53,1499.1500,14,2
2026-02-04,600519,11:06:56,1499.1500,73,2
2026-02-04,600519,11:06:59,1499.5000,17,1
2026-02-04,600519,11:07:02,1499.5000,4,1
2026-02-04,600519,11:07:05,1498.2900,5,2
2026-02-04,600519,11:07:08,1499.5000,9,1
2026-02-04,600519,11:07:11,1499.5000,2,1
2026-02-04,600519,11:07:14,1499.5500,10,1
2026-02-04,600519,11:07:17,1499.0000,9,2
2026-02-04,600519,11:07:20,1498.2000,3,2
2026-02-04,600519,11:07:23,1499.4500,24,1
2026-02-04,600519,11:07:26,1499.4200,27,1
2026-02-04,600519,11:07:29,1499.5000,4,1
2026-02-04,600519,11:07:32,1498.3800,4,2
2026-02-04,600519,11:07:38,1498.1300,6,2
2026-02-04,600519,11:07:41,1498.2800,1,1
2026-02-04,600519,11:07:44,1498.2800,20,1
2026-02-04,600519,11:07:47,1498.2800,1,1
2026-02-04,600519,11:07:50,1498.0601,2,2
2026-02-04,600519,11:07:53,1498.0601,22,2
2026-02-04,600519,11:07:56,1498.1300,4,1
2026-02-04,600519,11:07:59,1498.0500,1,2
2026-02-04,600519,11:08:02,1498.0000,13,2
2026-02-04,600519,11:08:05,1498.0601,7,2
2026-02-04,600519,11:08:08,1498.1300,4,1
2026-02-04,600519,11:08:11,1497.9399,4,2
2026-02-04,600519,11:08:14,1497.0100,18,2
2026-02-04,600519,11:08:17,1498.0000,11,1
2026-02-04,600519,11:08:20,1496.9200,8,2
2026-02-04,600519,11:08:23,1496.9000,11,2
2026-02-04,600519,11:08:26,1496.5200,9,2
2026-02-04,600519,11:08:29,1495.9900,54,2
2026-02-04,600519,11:08:32,1496.5000,12,1
2026-02-04,600519,11:08:35,1495.5000,8,2
2026-02-04,600519,11:08:38,1496.1000,1,1
2026-02-04,600519,11:08:41,1495.5100,4,2
2026-02-04,600519,11:08:44,1496.1000,26,1
2026-02-04,600519,11:08:47,1495.5000,7,2
2026-02-04,600519,11:08:50,1495.5000,5,2
2026-02-04,600519,11:08:53,1495.5000,7,1
2026-02-04,600519,11:08:56,1495.4900,28,2
2026-02-04,600519,11:08:59,1495.4900,6,2
2026-02-04,600519,11:09:02,1496.0000,12,1
2026-02-04,600519,11:09:05,1496.0000,4,2
2026-02-04,600519,11:09:08,1496.0000,4,2
2026-02-04,600519,11:09:11,1496.0000,1,2
2026-02-04,600519,11:09:14,1496.7100,14,1
2026-02-04,600519,11:09:17,1496.0000,32,2
2026-02-04,600519,11:09:20,1496.8101,2,1
2026-02-04,600519,11:09:23,1496.1000,4,2
2026-02-04,600519,11:09:29,1496.1100,2,2
2026-02-04,600519,11:09:32,1496.7100,2,1
2026-02-04,600519,11:09:38,1496.7900,2,1
2026-02-04,600519,11:09:41,1496.6200,4,2
2026-02-04,600519,11:09:44,1496.8199,15,1
2026-02-04,600519,11:09:47,1496.8300,33,1
2026-02-04,600519,11:09:50,1496.8199,24,2
2026-02-04,600519,11:09:53,1496.9000,9,1
2026-02-04,600519,11:09:56,1496.8300,6,2
2026-02-04,600519,11:09:59,1496.7700,3,2
2026-02-04,600519,11:10:02,1496.8199,7,1
2026-02-04,600519,11:10:05,1496.7500,2,2
2026-02-04,600519,11:10:08,1496.8199,4,1
2026-02-04,600519,11:10:11,1496.8199,1,1
2026-02-04,600519,11:10:14,1496.7600,20,2
2026-02-04,600519,11:10:17,1497.6600,7,1
2026-02-04,600519,11:10:20,1496.8300,2,2
2026-02-04,600519,11:10:23,1497.6600,9,1
2026-02-04,600519,11:10:26,1496.8300,3,2
2026-02-04,600519,11:10:29,1496.8400,4,2
2026-02-04,600519,11:10:32,1496.8400,1,2
2026-02-04,600519,11:10:38,1497.0000,6,1
2026-02-04,600519,11:10:41,1498.0000,2,1
2026-02-04,600519,11:10:44,1498.0000,8,1
2026-02-04,600519,11:10:47,1497.0300,16,2
2026-02-04,600519,11:10:50,1498.1300,9,1
2026-02-04,600519,11:10:53,1498.1300,45,1
2026-02-04,600519,11:10:56,1498.5000,16,1
2026-02-04,600519,11:10:59,1499.0000,13,1
2026-02-04,600519,11:11:02,1499.0000,7,1
2026-02-04,600519,11:11:05,1498.1300,6,2
2026-02-04,600519,11:11:08,1499.4301,4,1
2026-02-04,600519,11:11:11,1498.1400,3,2
2026-02-04,600519,11:11:14,1499.5000,10,1
2026-02-04,600519,11:11:17,1498.1600,28,2
2026-02-04,600519,11:11:20,1499.0000,4,2
2026-02-04,600519,11:11:23,1499.0000,1,2
2026-02-04,600519,11:11:26,1499.0000,4,2
2026-02-04,600519,11:11:29,1499.5100,6,1
2026-02-04,600519,11:11:32,1499.0100,13,2
2026-02-04,600519,11:11:35,1499.5400,6,1
2026-02-04,600519,11:11:38,1499.5100,7,2
2026-02-04,600519,11:11:41,1499.8000,5,1
2026-02-04,600519,11:11:44,1499.8800,4,1
2026-02-04,600519,11:11:47,1499.5000,27,2
2026-02-04,600519,11:11:50,1499.0000,4,2
2026-02-04,600519,11:11:53,1499.9900,37,1
2026-02-04,600519,11:11:56,1499.8900,55,2
2026-02-04,600519,11:11:59,1499.8900,13,2
2026-02-04,600519,11:12:02,1498.0100,3,2
2026-02-04,600519,11:12:05,1499.8500,4,1
2026-02-04,600519,11:12:08,1499.8500,4,1
2026-02-04,600519,11:12:11,1498.0100,69,2
2026-02-04,600519,11:12:14,1499.8700,25,1
2026-02-04,600519,11:12:17,1499.0000,4,2
2026-02-04,600519,11:12:23,1499.8500,5,1
2026-02-04,600519,11:12:29,1499.0000,11,2
2026-02-04,600519,11:12:32,1499.0000,5,2
2026-02-04,600519,11:12:35,1499.0100,1,2
2026-02-04,600519,11:12:38,1499.0200,1,2
2026-02-04,600519,11:12:41,1499.8500,4,1
2026-02-04,600519,11:12:44,1499.8800,7,1
2026-02-04,600519,11:12:47,1499.8199,12,2
2026-02-04,600519,11:12:50,1500.0000,21,1
2026-02-04,600519,11:12:53,1499.8800,6,1
2026-02-04,600519,11:12:56,1499.8900,2,2
2026-02-04,600519,11:12:59,1499.8900,3,2
2026-02-04,600519,11:13:02,1499.9500,3,1
2026-02-04,600519,11:13:05,1499.9000,3,2
2026-02-04,600519,11:13:08,1500.0000,48,1
2026-02-04,600519,11:13:11,1499.9900,16,2
2026-02-04,600519,11:13:14,1500.0000,20,1
2026-02-04,600519,11:13:17,1499.9900,13,2
2026-02-04,600519,11:13:20,1500.5000,96,1
2026-02-04,600519,11:13:23,1500.5000,34,1
2026-02-04,600519,11:13:26,1500.9900,4,1
2026-02-04,600519,11:13:29,1501.0000,22,1
2026-02-04,600519,11:13:32,1500.6899,1,2
2026-02-04,600519,11:13:35,1500.7000,5,2
2026-02-04,600519,11:13:38,1500.6899,2,2
2026-02-04,600519,11:13:41,1500.9900,6,1
2026-02-04,600519,11:13:44,1501.0000,11,1
2026-02-04,600519,11:13:47,1500.9800,9,1
2026-02-04,600519,11:13:50,1500.9399,1,2
2026-02-04,600519,11:13:53,1500.9399,5,2
2026-02-04,600519,11:13:56,1500.9399,7,2
2026-02-04,600519,11:13:59,1500.9900,5,1
2026-02-04,600519,11:14:02,1502.0699,242,1
2026-02-04,600519,11:14:05,1502.4399,29,1
2026-02-04,600519,11:14:08,1502.4301,42,2
2026-02-04,600519,11:14:11,1502.4399,33,1
2026-02-04,600519,11:14:14,1502.6000,15,1
2026-02-04,600519,11:14:17,1502.5200,58,2
2026-02-04,600519,11:14:20,1503.0000,13,1
2026-02-04,600519,11:14:23,1502.9600,44,2
2026-02-04,600519,11:14:26,1502.0200,27,2
2026-02-04,600519,11:14:29,1501.2900,15,2
2026-02-04,600519,11:14:32,1501.0300,11,2
2026-02-04,600519,11:14:35,1501.0300,14,1
2026-02-04,600519,11:14:38,1501.2900,11,1
2026-02-04,600519,11:14:41,1502.0100,5,1
2026-02-04,600519,11:14:44,1501.3199,2,2
2026-02-04,600519,11:14:47,1502.0100,18,1
2026-02-04,600519,11:14:50,1502.0200,4,1
2026-02-04,600519,11:14:53,1502.0000,17,1
2026-02-04,600519,11:14:56,1502.0000,5,2
2026-02-04,600519,11:14:59,1502.2800,13,1
2026-02-04,600519,11:15:02,1502.2800,11,1
2026-02-04,600519,11:15:05,1501.9000,46,2
2026-02-04,600519,11:15:08,1501.2900,51,2
2026-02-04,600519,11:15:11,1501.2900,13,2
2026-02-04,600519,11:15:14,1500.8101,7,2
2026-02-04,600519,11:15:17,1500.0000,15,2
2026-02-04,600519,11:15:20,1500.8101,6,1
2026-02-04,600519,11:15:23,1500.0100,3,2
2026-02-04,600519,11:15:26,1500.0200,3,2
2026-02-04,600519,11:15:29,1500.0200,1,2
2026-02-04,600519,11:15:32,1500.8000,9,1
2026-02-04,600519,11:15:35,1501.0000,24,1
2026-02-04,600519,11:15:38,1501.0699,9,2
2026-02-04,600519,11:15:41,1501.2900,1,1
2026-02-04,600519,11:15:44,1501.3000,16,1
2026-02-04,600519,11:15:47,1501.3000,11,1
2026-02-04,600519,11:15:50,1501.2800,14,2
2026-02-04,600519,11:15:53,1501.3000,4,1
2026-02-04,600519,11:15:56,1501.2100,9,2
2026-02-04,600519,11:15:59,1501.0800,5,2
2026-02-04,600519,11:16:02,1501.3000,35,1
2026-02-04,600519,11:16:05,1501.2700,6,1
2026-02-04,600519,11:16:08,1501.2800,15,1
2026-02-04,600519,11:16:11,1501.2200,7,2
2026-02-04,600519,11:16:14,1501.8199,9,1
2026-02-04,600519,11:16:17,1501.8199,12,2
2026-02-04,600519,11:16:20,1501.8500,5,2
2026-02-04,600519,11:16:23,1501.9800,4,1
2026-02-04,600519,11:16:26,1501.9900,7,1
2026-02-04,600519,11:16:29,1501.9800,14,1
2026-02-04,600519,11:16:32,1501.9900,11,1
2026-02-04,600519,11:16:35,1501.9900,13,1
2026-02-04,600519,11:16:38,1502.6600,87,1
2026-02-04,600519,11:16:41,1502.9900,27,1
2026-02-04,600519,11:16:44,1502.9900,31,1
2026-02-04,600519,11:16:47,1502.6700,17,2
2026-02-04,600519,11:16:50,1502.6801,17,2
2026-02-04,600519,11:16:53,1502.6899,6,2
2026-02-04,600519,11:16:56,1502.9800,10,1
2026-02-04,600519,11:16:59,1502.9900,5,1
2026-02-04,600519,11:17:02,1504.4000,178,1
2026-02-04,600519,11:17:05,1504.8000,36,1
