date,code,time,price,volume,bs
2026-06-09,600519,14:00:00,1254.1899,2,1
2026-06-09,600519,14:00:03,1254.1801,1,2
2026-06-09,600519,14:00:06,1254.1801,3,2
2026-06-09,600519,14:00:09,1254.1801,11,2
2026-06-09,600519,14:00:15,1254.1700,1,2
2026-06-09,600519,14:00:18,1254.0300,13,2
2026-06-09,600519,14:00:21,1254.0300,2,2
2026-06-09,600519,14:00:24,1254.0300,3,2
2026-06-09,600519,14:00:30,1254.0400,2,2
2026-06-09,600519,14:00:33,1254.1500,1,1
2026-06-09,600519,14:00:39,1254.1400,2,1
2026-06-09,600519,14:00:45,1254.1400,1,1
2026-06-09,600519,14:00:48,1254.0400,1,2
2026-06-09,600519,14:00:51,1254.1100,6,1
2026-06-09,600519,14:00:54,1254.0300,2,2
2026-06-09,600519,14:01:00,1254.0400,3,2
2026-06-09,600519,14:01:03,1254.0200,9,2
2026-06-09,600519,14:01:06,1253.9600,8,2
2026-06-09,600519,14:01:09,1253.9399,5,2
2026-06-09,600519,14:01:12,1253.9800,1,1
2026-06-09,600519,14:01:15,1253.9399,3,2
2026-06-09,600519,14:01:18,1253.8800,3,2
2026-06-09,600519,14:01:21,1253.8600,12,2
2026-06-09,600519,14:01:24,1253.8000,4,2
2026-06-09,600519,14:01:27,1253.7000,3,2
2026-06-09,600519,14:01:30,1253.7000,1,1
2026-06-09,600519,14:01:33,1253.7000,2,1
2026-06-09,600519,14:01:36,1253.8199,3,1
2026-06-09,600519,14:01:39,1253.8300,5,1
2026-06-09,600519,14:01:42,1253.7000,3,2
2026-06-09,600519,14:01:48,1253.7100,2,2
2026-06-09,600519,14:01:51,1253.7100,4,2
2026-06-09,600519,14:01:54,1253.7100,1,1
2026-06-09,600519,14:01:57,1253.7200,2,1
2026-06-09,600519,14:02:00,1253.7100,2,1
2026-06-09,600519,14:02:03,1253.7800,1,2
2026-06-09,600519,14:02:06,1253.7800,2,2
2026-06-09,600519,14:02:09,1253.7800,1,2
2026-06-09,600519,14:02:12,1253.7700,7,2
2026-06-09,600519,14:02:15,1253.7500,1,2
2026-06-09,600519,14:02:18,1253.7100,7,2
2026-06-09,600519,14:02:24,1253.7700,2,1
2026-06-09,600519,14:02:27,1253.7600,1,1
2026-06-09,600519,14:02:33,1253.7600,1,1
2026-06-09,600519,14:02:36,1253.7400,2,2
2026-06-09,600519,14:02:42,1253.7800,3,1
2026-06-09,600519,14:02:45,1253.7400,11,2
2026-06-09,600519,14:02:48,1253.7300,1,2
2026-06-09,600519,14:02:57,1253.8800,1,1
2026-06-09,600519,14:03:03,1253.8700,1,1
2026-06-09,600519,14:03:06,1253.8900,2,2
2026-06-09,600519,14:03:09,1253.9000,1,2
2026-06-09,600519,14:03:18,1253.9301,2,1
2026-06-09,600519,14:03:21,1253.9301,1,1
2026-06-09,600519,14:03:24,1253.9200,4,1
2026-06-09,600519,14:03:27,1253.9800,6,1
2026-06-09,600519,14:03:30,1254.0300,6,1
2026-06-09,600519,14:03:33,1254.0400,4,1
2026-06-09,600519,14:03:36,1254.0400,4,1
2026-06-09,600519,14:03:42,1254.1000,6,1
2026-06-09,600519,14:03:45,1254.1400,2,1
2026-06-09,600519,14:03:51,1254.0500,1,2
2026-06-09,600519,14:03:54,1254.0601,2,2
2026-06-09,600519,14:03:57,1254.1400,1,1
2026-06-09,600519,14:04:00,1254.1300,5,1
2026-06-09,600519,14:04:03,1254.1300,1,1
2026-06-09,600519,14:04:06,1254.1500,2,1
2026-06-09,600519,14:04:09,1254.1801,4,1
2026-06-09,600519,14:04:12,1254.2400,4,1
2026-06-09,600519,14:04:15,1254.0100,26,2
2026-06-09,600519,14:04:18,1253.9800,3,4
2026-06-09,600519,14:04:21,1253.9900,1,1
2026-06-09,600519,14:04:24,1253.9900,3,1
2026-06-09,600519,14:04:27,1253.9900,1,1
2026-06-09,600519,14:04:30,1254.0000,1,1
2026-06-09,600519,14:04:33,1254.0400,6,1
2026-06-09,600519,14:04:36,1254.0000,6,2
2026-06-09,600519,14:04:39,1254.0000,3,1
2026-06-09,600519,14:04:48,1254.0100,3,1
2026-06-09,600519,14:04:51,1254.0000,4,2
2026-06-09,600519,14:04:54,1254.0000,2,2
2026-06-09,600519,14:04:57,1254.0900,3,1
2026-06-09,600519,14:05:00,1254.0100,1,2
2026-06-09,600519,14:05:06,1254.2400,2,1
2026-06-09,600519,14:05:09,1254.2500,5,1
2026-06-09,600519,14:05:12,1254.2500,1,1
2026-06-09,600519,14:05:18,1254.2500,3,1
2026-06-09,600519,14:05:21,1254.0300,2,2
2026-06-09,600519,14:05:24,1254.2500,2,1
2026-06-09,600519,14:05:27,1254.3000,5,1
2026-06-09,600519,14:05:30,1254.2500,4,2
2026-06-09,600519,14:05:33,1254.3000,5,1
2026-06-09,600519,14:05:36,1254.2600,1,2
2026-06-09,600519,14:05:39,1254.2900,3,1
2026-06-09,600519,14:05:42,1254.3000,5,1
2026-06-09,600519,14:05:45,1254.3000,3,1
2026-06-09,600519,14:05:48,1254.3000,2,1
2026-06-09,600519,14:05:51,1254.3000,5,2
2026-06-09,600519,14:05:57,1254.3500,1,1
2026-06-09,600519,14:06:00,1254.3101,1,2
2026-06-09,600519,14:06:06,1254.3000,15,2
2026-06-09,600519,14:06:09,1254.2500,1,2
2026-06-09,600519,14:06:15,1254.2800,5,1
2026-06-09,600519,14:06:18,1254.2800,5,2
2026-06-09,600519,14:06:21,1254.2500,5,2
2026-06-09,600519,14:06:27,1254.2900,4,1
2026-06-09,600519,14:06:30,1254.2600,5,2
2026-06-09,600519,14:06:39,1254.3000,1,1
2026-06-09,600519,14:06:45,1254.2500,14,2
2026-06-09,600519,14:06:48,1254.2500,3,2
2026-06-09,600519,14:06:51,1254.3000,4,1
2026-06-09,600519,14:06:57,1254.3000,2,1
2026-06-09,600519,14:07:00,1254.3000,1,1
2026-06-09,600519,14:07:03,1254.3000,5,1
2026-06-09,600519,14:07:09,1254.3199,2,1
2026-06-09,600519,14:07:12,1254.3000,7,2
2026-06-09,600519,14:07:15,1254.2500,10,2
2026-06-09,600519,14:07:18,1254.2500,4,2
2026-06-09,600519,14:07:21,1254.3000,1,1
2026-06-09,600519,14:07:24,1254.3000,4,1
2026-06-09,600519,14:07:30,1254.2700,2,2
2026-06-09,600519,14:07:33,1254.3000,2,1
2026-06-09,600519,14:07:39,1254.2800,5,2
2026-06-09,600519,14:07:42,1254.3800,22,1
2026-06-09,600519,14:07:45,1254.3800,3,2
2026-06-09,600519,14:07:48,1254.4100,5,1
2026-06-09,600519,14:07:51,1254.4399,10,1
2026-06-09,600519,14:07:54,1254.3900,1,4
2026-06-09,600519,14:08:00,1254.4000,1,1
2026-06-09,600519,14:08:09,1254.3900,2,2
2026-06-09,600519,14:08:15,1254.4000,1,2
2026-06-09,600519,14:08:18,1254.4900,4,1
2026-06-09,600519,14:08:21,1254.4000,1,2
2026-06-09,600519,14:08:24,1254.4000,5,2
2026-06-09,600519,14:08:27,1254.4000,4,2
2026-06-09,600519,14:08:30,1254.4800,1,1
2026-06-09,600519,14:08:33,1254.3900,6,2
2026-06-09,600519,14:08:36,1254.3900,1,4
2026-06-09,600519,14:08:39,1254.3900,2,4
2026-06-09,600519,14:08:42,1254.3900,4,1
2026-06-09,600519,14:08:45,1254.4000,2,1
2026-06-09,600519,14:08:48,1254.3800,4,2
2026-06-09,600519,14:08:54,1254.3300,9,2
2026-06-09,600519,14:08:57,1254.3000,9,2
2026-06-09,600519,14:09:00,1254.2500,2,2
2026-06-09,600519,14:09:03,1254.2000,7,2
2026-06-09,600519,14:09:06,1254.1500,8,2
2026-06-09,600519,14:09:09,1254.1200,1,2
2026-06-09,600519,14:09:12,1254.1300,1,2
2026-06-09,600519,14:09:15,1254.3300,4,1
2026-06-09,600519,14:09:18,1254.1500,3,2
2026-06-09,600519,14:09:24,1254.3300,1,1
2026-06-09,600519,14:09:27,1254.1400,4,2
2026-06-09,600519,14:09:36,1254.2300,3,1
2026-06-09,600519,14:09:39,1254.2500,4,1
2026-06-09,600519,14:09:48,1254.1500,7,2
2026-06-09,600519,14:09:51,1254.1500,1,1
2026-06-09,600519,14:09:54,1254.1400,2,2
2026-06-09,600519,14:09:57,1254.1400,6,2
2026-06-09,600519,14:10:00,1254.1200,1,2
2026-06-09,600519,14:10:03,1254.2200,6,1
2026-06-09,600519,14:10:06,1254.2500,1,1
2026-06-09,600519,14:10:12,1254.2500,6,1
2026-06-09,600519,14:10:15,1254.2900,5,2
2026-06-09,600519,14:10:18,1254.2700,3,2
2026-06-09,600519,14:10:21,1254.2600,5,2
2026-06-09,600519,14:10:24,1254.2200,5,2
2026-06-09,600519,14:10:27,1254.1801,6,2
2026-06-09,600519,14:10:30,1254.2700,10,1
2026-06-09,600519,14:10:36,1254.2600,1,1
2026-06-09,600519,14:10:42,1254.1600,4,2
2026-06-09,600519,14:10:45,1254.2500,5,1
2026-06-09,600519,14:10:48,1254.3600,6,1
2026-06-09,600519,14:10:51,1254.3600,1,1
2026-06-09,600519,14:10:57,1254.3700,8,1
2026-06-09,600519,14:11:00,1254.3700,6,1
2026-06-09,600519,14:11:03,1254.3800,1,1
2026-06-09,600519,14:11:06,1254.3800,4,1
2026-06-09,600519,14:11:09,1254.3800,3,2
2026-06-09,600519,14:11:12,1254.3700,9,2
2026-06-09,600519,14:11:15,1254.3700,2,1
2026-06-09,600519,14:11:18,1254.3199,2,2
2026-06-09,600519,14:11:21,1254.3199,7,2
2026-06-09,600519,14:11:24,1254.3500,2,1
2026-06-09,600519,14:11:27,1254.3199,4,2
2026-06-09,600519,14:11:30,1254.2400,7,2
2026-06-09,600519,14:11:33,1254.2100,2,1
2026-06-09,600519,14:11:36,1254.1700,3,2
2026-06-09,600519,14:11:39,1254.2600,4,1
2026-06-09,600519,14:11:42,1254.2800,3,4
2026-06-09,600519,14:11:45,1254.2800,2,2
2026-06-09,600519,14:11:48,1254.2800,1,2
2026-06-09,600519,14:11:51,1254.3000,3,1
2026-06-09,600519,14:11:57,1254.2400,4,2
2026-06-09,600519,14:12:00,1254.3000,2,1
2026-06-09,600519,14:12:03,1254.2400,5,2
2026-06-09,600519,14:12:06,1254.2300,6,2
2026-06-09,600519,14:12:09,1254.2300,1,2
2026-06-09,600519,14:12:15,1254.2800,1,4
2026-06-09,600519,14:12:18,1254.2600,19,2
2026-06-09,600519,14:12:21,1254.3101,2,2
2026-06-09,600519,14:12:24,1254.3199,12,1
2026-06-09,600519,14:12:27,1254.3199,2,1
2026-06-09,600519,14:12:36,1254.3101,7,2
2026-06-09,600519,14:12:39,1254.3199,1,1
2026-06-09,600519,14:12:42,1254.3500,1,1
2026-06-09,600519,14:12:45,1254.3700,1,1
2026-06-09,600519,14:12:48,1254.3700,3,1
2026-06-09,600519,14:12:54,1254.3700,11,1
2026-06-09,600519,14:12:57,1254.3700,2,1
2026-06-09,600519,14:13:00,1254.3600,2,4
2026-06-09,600519,14:13:03,1254.3700,3,1
2026-06-09,600519,14:13:06,1254.3700,5,1
2026-06-09,600519,14:13:09,1254.4500,60,1
2026-06-09,600519,14:13:12,1254.5400,1,1
2026-06-09,600519,14:13:15,1254.5601,4,1
2026-06-09,600519,14:13:18,1254.9100,4,1
2026-06-09,600519,14:13:21,1254.9500,1,1
2026-06-09,600519,14:13:24,1254.9500,3,1
2026-06-09,600519,14:13:30,1255.0000,7,1
2026-06-09,600519,14:13:33,1255.0000,4,1
2026-06-09,600519,14:13:36,1254.9800,6,2
2026-06-09,600519,14:13:39,1254.9700,11,2
2026-06-09,600519,14:13:42,1254.9600,1,2
2026-06-09,600519,14:13:45,1254.9500,1,2
2026-06-09,600519,14:13:48,1254.9600,1,2
2026-06-09,600519,14:13:51,1254.9600,4,2
2026-06-09,600519,14:13:54,1254.9600,1,2
2026-06-09,600519,14:13:57,1254.9900,1,1
2026-06-09,600519,14:14:00,1254.9900,1,1
2026-06-09,600519,14:14:03,1255.0000,5,1
2026-06-09,600519,14:14:06,1255.0000,3,1
2026-06-09,600519,14:14:09,1255.0000,2,1
2026-06-09,600519,14:14:12,1254.9900,6,2
2026-06-09,600519,14:14:15,1254.9600,9,2
2026-06-09,600519,14:14:18,1254.9900,3,1
2026-06-09,600519,14:14:21,1254.9500,2,2
2026-06-09,600519,14:14:24,1254.9600,2,2
2026-06-09,600519,14:14:27,1254.9500,1,2
2026-06-09,600519,14:14:30,1254.9600,3,4
2026-06-09,600519,14:14:33,1254.9500,2,2
2026-06-09,600519,14:14:36,1254.9301,6,2
2026-06-09,600519,14:14:39,1254.9500,2,1
2026-06-09,600519,14:14:42,1254.9500,5,1
2026-06-09,600519,14:14:45,1254.9800,4,1
2026-06-09,600519,14:14:51,1254.9301,2,2
2026-06-09,600519,14:14:54,1254.9399,2,1
2026-06-09,600519,14:14:57,1254.9301,2,2
2026-06-09,600519,14:15:03,1254.9500,5,1
2026-06-09,600519,14:15:06,1254.9200,1,2
2026-06-09,600519,14:15:09,1254.9301,2,1
2026-06-09,600519,14:15:12,1254.9301,1,2
2026-06-09,600519,14:15:15,1254.9700,1,1
2026-06-09,600519,14:15:18,1255.0000,13,1
2026-06-09,600519,14:15:21,1254.9301,4,2
2026-06-09,600519,14:15:24,1254.9301,4,1
2026-06-09,600519,14:15:27,1254.8700,23,2
2026-06-09,600519,14:15:30,1254.8400,5,2
2026-06-09,600519,14:15:33,1254.7700,3,2
2026-06-09,600519,14:15:36,1254.3000,24,2
2026-06-09,600519,14:15:39,1254.7700,2,1
2026-06-09,600519,14:15:51,1255.0000,15,1
2026-06-09,600519,14:15:54,1255.0000,3,2
2026-06-09,600519,14:15:57,1255.1700,3,1
2026-06-09,600519,14:16:00,1255.0000,1,2
2026-06-09,600519,14:16:06,1255.1500,1,1
2026-06-09,600519,14:16:12,1255.1700,1,1
2026-06-09,600519,14:16:15,1255.1500,6,2
2026-06-09,600519,14:16:18,1255.1500,8,1
2026-06-09,600519,14:16:24,1255.1700,8,1
2026-06-09,600519,14:16:27,1255.0500,1,2
2026-06-09,600519,14:16:30,1255.1600,1,1
2026-06-09,600519,14:16:33,1255.1500,2,2
2026-06-09,600519,14:16:36,1255.1500,2,2
2026-06-09,600519,14:16:39,1255.1600,1,1
2026-06-09,600519,14:16:42,1255.1500,5,2
2026-06-09,600519,14:16:45,1255.1500,2,1
2026-06-09,600519,14:16:51,1255.1500,2,2
2026-06-09,600519,14:16:54,1255.1700,1,1
2026-06-09,600519,14:16:57,1255.1700,1,1
2026-06-09,600519,14:17:00,1255.1700,1,2
2026-06-09,600519,14:17:03,1255.1700,1,2
2026-06-09,600519,14:17:06,1255.1600,3,2
2026-06-09,600519,14:17:15,1255.1801,6,1
2026-06-09,600519,14:17:18,1255.1801,2,1
2026-06-09,600519,14:17:21,1255.1700,1,4
2026-06-09,600519,14:17:24,1255.1600,9,2
2026-06-09,600519,14:17:27,1255.1600,1,2
2026-06-09,600519,14:17:30,1255.1801,2,2
2026-06-09,600519,14:17:39,1255.1801,1,1
2026-06-09,600519,14:17:45,1255.1801,9,1
2026-06-09,600519,14:17:48,1255.1899,3,2
2026-06-09,600519,14:17:54,1255.1899,2,2
2026-06-09,600519,14:18:00,1255.2600,2,2
2026-06-09,600519,14:18:03,1255.2600,1,1
2026-06-09,600519,14:18:06,1255.2600,4,1
2026-06-09,600519,14:18:09,1255.2700,1,1
2026-06-09,600519,14:18:12,1255.2600,3,2
2026-06-09,600519,14:18:15,1255.2100,1,2
2026-06-09,600519,14:18:18,1255.2100,2,2
2026-06-09,600519,14:18:21,1255.2600,3,1
2026-06-09,600519,14:18:24,1255.2600,1,1
2026-06-09,600519,14:18:27,1255.2400,1,1
2026-06-09,600519,14:18:30,1255.2500,1,1
2026-06-09,600519,14:18:33,1255.2500,2,1
2026-06-09,600519,14:18:36,1255.2600,1,1
2026-06-09,600519,14:18:39,1255.2300,4,2
2026-06-09,600519,14:18:42,1255.2300,2,1
2026-06-09,600519,14:18:45,1255.2600,3,1
2026-06-09,600519,14:18:48,1255.2700,8,1
2026-06-09,600519,14:18:51,1255.3000,1,1
2026-06-09,600519,14:18:54,1255.2800,1,2
2026-06-09,600519,14:18:57,1255.3500,2,1
2026-06-09,600519,14:19:00,1255.4000,1,1
2026-06-09,600519,14:19:03,1255.3400,2,2
2026-06-09,600519,14:19:09,1255.3400,3,2
2026-06-09,600519,14:19:12,1255.3400,2,1
2026-06-09,600519,14:19:18,1255.3400,8,1
2026-06-09,600519,14:19:21,1255.3400,4,1
2026-06-09,600519,14:19:24,1255.3400,4,1
2026-06-09,600519,14:19:30,1255.3400,2,2
2026-06-09,600519,14:19:36,1255.3600,1,2
2026-06-09,600519,14:19:45,1255.4900,15,1
2026-06-09,600519,14:19:48,1255.6899,1,1
2026-06-09,600519,14:19:54,1255.6899,5,1
2026-06-09,600519,14:19:57,1255.6899,2,1
2026-06-09,600519,14:20:03,1255.7600,5,1
2026-06-09,600519,14:20:06,1255.7700,3,4
2026-06-09,600519,14:20:09,1255.7800,1,1
2026-06-09,600519,14:20:12,1255.8000,2,1
2026-06-09,600519,14:20:15,1255.8000,3,1
2026-06-09,600519,14:20:18,1255.9800,2,1
2026-06-09,600519,14:20:21,1255.9000,1,2
2026-06-09,600519,14:20:24,1255.9800,3,1
2026-06-09,600519,14:20:27,1255.8800,1,2
2026-06-09,600519,14:20:30,1255.9700,2,1
2026-06-09,600519,14:20:33,1255.9800,1,1
2026-06-09,600519,14:20:36,1255.9800,7,1
2026-06-09,600519,14:20:39,1255.9900,2,1
2026-06-09,600519,14:20:42,1255.9800,10,2
2026-06-09,600519,14:20:45,1255.9800,7,1
2026-06-09,600519,14:20:48,1255.9200,2,2
2026-06-09,600519,14:20:51,1255.9800,3,1
2026-06-09,600519,14:20:54,1255.9700,1,1
2026-06-09,600519,14:20:57,1255.9600,3,2
2026-06-09,600519,14:21:03,1255.9600,5,4
2026-06-09,600519,14:21:06,1255.9600,3,1
2026-06-09,600519,14:21:09,1255.9000,5,2
2026-06-09,600519,14:21:12,1255.9500,6,1
2026-06-09,600519,14:21:15,1255.8600,2,2
2026-06-09,600519,14:21:18,1255.9100,3,1
2026-06-09,600519,14:21:24,1255.9100,4,1
2026-06-09,600519,14:21:30,1255.9700,18,1
2026-06-09,600519,14:21:33,1255.8900,1,2
2026-06-09,600519,14:21:36,1255.9000,1,1
2026-06-09,600519,14:21:42,1255.8900,1,2
2026-06-09,600519,14:21:45,1255.8900,1,2
2026-06-09,600519,14:21:48,1255.8900,4,2
2026-06-09,600519,14:21:57,1255.8600,8,2
2026-06-09,600519,14:22:03,1255.8700,1,1
2026-06-09,600519,14:22:06,1255.8199,8,2
2026-06-09,600519,14:22:09,1255.7800,9,2
2026-06-09,600519,14:22:12,1255.8000,5,2
2026-06-09,600519,14:22:18,1255.6600,2,2
2026-06-09,600519,14:22:21,1255.6600,1,2
2026-06-09,600519,14:22:24,1255.6600,1,2
2026-06-09,600519,14:22:27,1255.7000,1,2
2026-06-09,600519,14:22:33,1255.6100,2,2
2026-06-09,600519,14:22:36,1255.6300,4,1
2026-06-09,600519,14:22:39,1255.5699,5,2
2026-06-09,600519,14:22:42,1255.5400,3,2
2026-06-09,600519,14:22:45,1255.5000,3,2
2026-06-09,600519,14:22:48,1255.5000,2,1
2026-06-09,600519,14:22:51,1255.3800,6,2
2026-06-09,600519,14:22:54,1255.4000,3,1
2026-06-09,600519,14:22:57,1255.4000,2,1
2026-06-09,600519,14:23:00,1255.4000,2,1
2026-06-09,600519,14:23:03,1255.3500,5,2
2026-06-09,600519,14:23:06,1255.3500,1,1
2026-06-09,600519,14:23:09,1255.3500,5,1
2026-06-09,600519,14:23:12,1255.3300,4,2
2026-06-09,600519,14:23:15,1255.3500,1,1
2026-06-09,600519,14:23:18,1255.3400,2,1
2026-06-09,600519,14:23:21,1255.3300,1,2
2026-06-09,600519,14:23:24,1255.3300,1,2
2026-06-09,600519,14:23:27,1255.3300,1,1
2026-06-09,600519,14:23:30,1255.3300,1,1
2026-06-09,600519,14:23:33,1255.3300,1,1
2026-06-09,600519,14:23:36,1255.3199,1,2
2026-06-09,600519,14:23:39,1255.3300,5,1
2026-06-09,600519,14:23:42,1255.3300,2,2
2026-06-09,600519,14:23:45,1255.3000,1,1
2026-06-09,600519,14:23:48,1255.4000,4,1
2026-06-09,600519,14:23:51,1255.3300,1,2
2026-06-09,600519,14:24:03,1255.5200,1,1
2026-06-09,600519,14:24:06,1255.5000,2,4
2026-06-09,600519,14:24:09,1255.6000,6,1
2026-06-09,600519,14:24:12,1255.5400,2,1
2026-06-09,600519,14:24:15,1255.5300,1,2
2026-06-09,600519,14:24:18,1255.5400,4,1
2026-06-09,600519,14:24:21,1255.6000,1,1
2026-06-09,600519,14:24:24,1255.5900,2,1
2026-06-09,600519,14:24:27,1255.6000,10,2
2026-06-09,600519,14:24:36,1255.5601,1,2
2026-06-09,600519,14:24:39,1255.5800,1,4
2026-06-09,600519,14:24:45,1255.5699,1,2
2026-06-09,600519,14:24:51,1255.5800,3,1
2026-06-09,600519,14:24:57,1255.5800,4,1
2026-06-09,600519,14:25:00,1255.6600,5,1
2026-06-09,600519,14:25:03,1255.5699,11,2
2026-06-09,600519,14:25:06,1255.5699,4,1
2026-06-09,600519,14:25:09,1255.6600,1,1
2026-06-09,600519,14:25:12,1255.6600,4,1
2026-06-09,600519,14:25:15,1255.6600,2,2
2026-06-09,600519,14:25:18,1255.6801,2,1
2026-06-09,600519,14:25:21,1255.6801,2,1
2026-06-09,600519,14:25:30,1255.6600,1,2
2026-06-09,600519,14:25:33,1255.6700,2,1
2026-06-09,600519,14:25:42,1255.6801,2,1
2026-06-09,600519,14:25:45,1255.7000,5,1
2026-06-09,600519,14:25:48,1255.7000,4,1
2026-06-09,600519,14:25:51,1255.7000,6,1
2026-06-09,600519,14:25:54,1255.7000,1,2
2026-06-09,600519,14:25:57,1255.6899,3,4
2026-06-09,600519,14:26:03,1255.6801,1,2
2026-06-09,600519,14:26:06,1255.7700,2,1
2026-06-09,600519,14:26:09,1255.7000,1,2
2026-06-09,600519,14:26:15,1255.8400,4,1
2026-06-09,600519,14:26:18,1255.8900,4,1
2026-06-09,600519,14:26:21,1255.9100,2,1
2026-06-09,600519,14:26:24,1255.9000,1,1
2026-06-09,600519,14:26:27,1255.9700,8,1
2026-06-09,600519,14:26:30,1255.9900,5,1
2026-06-09,600519,14:26:33,1256.0000,42,1
2026-06-09,600519,14:26:36,1256.2800,2,1
2026-06-09,600519,14:26:39,1256.2700,17,1
2026-06-09,600519,14:26:42,1256.8800,5,1
2026-06-09,600519,14:26:45,1256.9100,7,1
2026-06-09,600519,14:26:48,1256.9200,1,2
2026-06-09,600519,14:26:51,1256.9000,4,2
2026-06-09,600519,14:26:54,1256.9600,3,1
2026-06-09,600519,14:26:57,1256.8900,10,2
2026-06-09,600519,14:27:00,1256.9100,3,1
2026-06-09,600519,14:27:03,1256.9200,7,1
2026-06-09,600519,14:27:06,1256.9500,6,1
2026-06-09,600519,14:27:09,1256.9399,6,1
2026-06-09,600519,14:27:12,1256.9399,2,2
2026-06-09,600519,14:27:15,1256.9399,6,2
2026-06-09,600519,14:27:18,1256.9399,8,2
2026-06-09,600519,14:27:21,1256.9800,13,1
2026-06-09,600519,14:27:24,1257.0000,18,1
2026-06-09,600519,14:27:27,1256.9900,6,1
2026-06-09,600519,14:27:30,1256.9900,20,2
2026-06-09,600519,14:27:33,1257.0100,1,2
2026-06-09,600519,14:27:36,1257.0100,1,2
2026-06-09,600519,14:27:39,1257.2000,4,1
2026-06-09,600519,14:27:42,1257.2000,4,1
2026-06-09,600519,14:27:45,1257.2100,7,2
2026-06-09,600519,14:27:48,1257.2000,5,2
2026-06-09,600519,14:27:51,1257.3000,2,2
2026-06-09,600519,14:27:54,1257.3000,7,2
2026-06-09,600519,14:27:57,1257.5200,6,1
2026-06-09,600519,14:28:00,1257.5100,1,2
2026-06-09,600519,14:28:03,1257.5300,1,2
2026-06-09,600519,14:28:06,1257.7700,1,1
2026-06-09,600519,14:28:09,1257.7600,2,1
2026-06-09,600519,14:28:12,1257.8800,6,1
2026-06-09,600519,14:28:18,1257.7700,31,2
2026-06-09,600519,14:28:21,1257.8800,1,1
2026-06-09,600519,14:28:24,1257.8700,1,1
2026-06-09,600519,14:28:27,1257.8500,9,2
2026-06-09,600519,14:28:30,1257.8600,8,2
2026-06-09,600519,14:28:33,1257.8500,2,1
2026-06-09,600519,14:28:36,1257.8600,14,1
2026-06-09,600519,14:28:39,1258.0000,5,1
2026-06-09,600519,14:28:42,1257.8900,7,2
2026-06-09,600519,14:28:45,1257.8600,11,2
2026-06-09,600519,14:28:48,1258.0000,4,1
2026-06-09,600519,14:28:51,1258.0000,3,1
2026-06-09,600519,14:28:54,1258.0000,3,1
2026-06-09,600519,14:29:00,1258.1000,2,1
2026-06-09,600519,14:29:03,1258.1000,6,1
2026-06-09,600519,14:29:06,1258.0400,3,2
2026-06-09,600519,14:29:09,1258.0601,2,2
2026-06-09,600519,14:29:12,1258.0800,3,2
2026-06-09,600519,14:29:15,1258.0000,12,2
2026-06-09,600519,14:29:18,1257.9100,4,2
2026-06-09,600519,14:29:21,1257.8101,8,2
2026-06-09,600519,14:29:24,1257.7700,8,2
2026-06-09,600519,14:29:30,1257.8000,6,1
2026-06-09,600519,14:29:33,1257.6899,3,2
2026-06-09,600519,14:29:36,1257.6100,2,2
2026-06-09,600519,14:29:39,1257.6801,4,1
2026-06-09,600519,14:29:45,1257.6500,3,2
2026-06-09,600519,14:29:48,1257.6000,1,2
2026-06-09,600519,14:29:51,1257.5100,9,2
2026-06-09,600519,14:29:54,1257.2200,4,2
2026-06-09,600519,14:29:57,1257.5100,4,1
2026-06-09,600519,14:30:00,1256.9200,5,2
2026-06-09,600519,14:30:03,1256.9200,11,2
2026-06-09,600519,14:30:09,1256.9200,10,1
2026-06-09,600519,14:30:12,1257.0000,1,2
2026-06-09,600519,14:30:15,1256.9500,6,2
2026-06-09,600519,14:30:18,1257.0000,2,1
2026-06-09,600519,14:30:21,1256.9399,1,2
2026-06-09,600519,14:30:24,1257.0000,7,1
2026-06-09,600519,14:30:27,1257.0000,1,1
2026-06-09,600519,14:30:30,1256.9000,4,1
2026-06-09,600519,14:30:33,1256.9399,4,1
2026-06-09,600519,14:30:36,1257.0000,4,1
2026-06-09,600519,14:30:39,1257.0000,3,1
2026-06-09,600519,14:30:42,1256.9301,1,2
2026-06-09,600519,14:30:45,1256.9399,7,1
2026-06-09,600519,14:30:48,1256.9200,3,2
2026-06-09,600519,14:30:51,1256.9200,3,2
2026-06-09,600519,14:30:54,1256.9200,1,2
2026-06-09,600519,14:31:00,1256.9399,5,1
2026-06-09,600519,14:31:03,1256.9100,5,2
2026-06-09,600519,14:31:06,1256.9000,3,2
2026-06-09,600519,14:31:09,1256.9000,9,2
2026-06-09,600519,14:31:12,1256.8900,4,2
2026-06-09,600519,14:31:15,1256.9000,1,2
2026-06-09,600519,14:31:21,1256.8900,11,2
2026-06-09,600519,14:31:24,1256.8600,1,2
2026-06-09,600519,14:31:27,1256.8101,4,2
2026-06-09,600519,14:31:30,1256.8300,3,1
2026-06-09,600519,14:31:33,1256.8101,4,4
2026-06-09,600519,14:31:36,1256.8300,2,1
2026-06-09,600519,14:31:39,1256.8000,4,2
2026-06-09,600519,14:31:42,1256.8000,4,2
2026-06-09,600519,14:31:45,1256.7800,2,2
2026-06-09,600519,14:31:51,1256.7800,4,2
2026-06-09,600519,14:31:54,1256.7800,4,2
2026-06-09,600519,14:31:57,1256.7600,3,2
2026-06-09,600519,14:32:00,1256.7300,13,2
2026-06-09,600519,14:32:03,1256.7300,2,2
2026-06-09,600519,14:32:06,1256.7500,1,1
2026-06-09,600519,14:32:09,1256.7300,3,2
2026-06-09,600519,14:32:12,1256.7600,2,1
2026-06-09,600519,14:32:15,1256.7300,7,2
2026-06-09,600519,14:32:18,1256.7500,7,1
2026-06-09,600519,14:32:24,1256.7700,13,1
2026-06-09,600519,14:32:27,1256.7900,5,1
2026-06-09,600519,14:32:30,1256.8000,7,1
2026-06-09,600519,14:32:33,1256.7900,3,1
2026-06-09,600519,14:32:36,1256.8000,3,1
2026-06-09,600519,14:32:39,1256.7800,2,2
2026-06-09,600519,14:32:42,1256.7600,4,2
2026-06-09,600519,14:32:45,1256.7600,4,2
2026-06-09,600519,14:32:48,1256.7200,6,2
2026-06-09,600519,14:32:51,1256.7200,3,2
2026-06-09,600519,14:32:54,1256.7100,1,2
2026-06-09,600519,14:33:00,1256.7200,5,1
2026-06-09,600519,14:33:03,1256.7200,14,1
2026-06-09,600519,14:33:06,1256.7100,3,2
2026-06-09,600519,14:33:09,1256.7900,11,1
2026-06-09,600519,14:33:12,1256.8600,3,1
2026-06-09,600519,14:33:15,1256.8600,10,1
2026-06-09,600519,14:33:18,1256.8199,2,2
2026-06-09,600519,14:33:21,1256.8000,6,2
2026-06-09,600519,14:33:24,1256.7900,3,2
2026-06-09,600519,14:33:27,1256.8000,6,1
2026-06-09,600519,14:33:30,1256.7800,5,2
2026-06-09,600519,14:33:33,1256.7800,3,2
2026-06-09,600519,14:33:36,1256.7800,6,1
2026-06-09,600519,14:33:39,1256.7700,2,2
2026-06-09,600519,14:33:42,1256.7800,3,1
2026-06-09,600519,14:33:45,1256.7800,5,1
2026-06-09,600519,14:33:48,1256.7200,4,2
2026-06-09,600519,14:33:51,1256.7700,2,1
2026-06-09,600519,14:33:54,1256.7300,4,2
2026-06-09,600519,14:33:57,1256.7300,2,2
2026-06-09,600519,14:34:00,1256.7500,3,2
2026-06-09,600519,14:34:03,1256.7200,5,2
2026-06-09,600519,14:34:06,1256.7200,2,2
2026-06-09,600519,14:34:09,1256.7100,4,2
2026-06-09,600519,14:34:12,1256.7000,3,2
2026-06-09,600519,14:34:15,1256.7000,13,2
2026-06-09,600519,14:34:18,1256.6700,5,2
2026-06-09,600519,14:34:21,1256.6801,3,4
2026-06-09,600519,14:34:24,1256.7000,12,1
2026-06-09,600519,14:34:27,1256.6600,3,2
2026-06-09,600519,14:34:30,1256.7000,5,1
2026-06-09,600519,14:34:33,1256.6700,2,2
2026-06-09,600519,14:34:36,1256.6700,2,2
2026-06-09,600519,14:34:39,1256.7000,2,1
2026-06-09,600519,14:34:42,1256.7100,12,1
2026-06-09,600519,14:34:48,1256.6801,4,2
2026-06-09,600519,14:34:51,1256.7100,1,1
2026-06-09,600519,14:34:54,1256.6899,1,2
2026-06-09,600519,14:34:57,1256.6899,4,2
2026-06-09,600519,14:35:00,1256.6899,1,2
2026-06-09,600519,14:35:03,1256.7100,1,1
2026-06-09,600519,14:35:06,1256.7000,3,2
2026-06-09,600519,14:35:09,1256.7300,1,1
2026-06-09,600519,14:35:12,1256.7200,3,4
2026-06-09,600519,14:35:15,1256.7300,3,1
2026-06-09,600519,14:35:18,1256.8700,11,1
2026-06-09,600519,14:35:21,1256.9800,5,1
2026-06-09,600519,14:35:24,1256.8500,7,4
2026-06-09,600519,14:35:27,1257.0000,6,1
2026-06-09,600519,14:35:30,1257.0000,1,1
2026-06-09,600519,14:35:33,1257.0000,2,1
2026-06-09,600519,14:35:36,1256.9800,4,1
2026-06-09,600519,14:35:39,1256.9500,4,2
2026-06-09,600519,14:35:42,1256.9000,5,2
2026-06-09,600519,14:35:45,1256.9000,4,1
2026-06-09,600519,14:35:48,1256.9500,1,1
2026-06-09,600519,14:35:51,1256.8900,9,2
2026-06-09,600519,14:35:54,1256.8900,6,1
2026-06-09,600519,14:35:57,1256.8900,1,1
2026-06-09,600519,14:36:00,1256.8400,6,2
2026-06-09,600519,14:36:03,1256.8199,2,2
2026-06-09,600519,14:36:09,1256.9000,1,2
2026-06-09,600519,14:36:12,1256.9700,1,1
2026-06-09,600519,14:36:18,1256.9000,6,2
2026-06-09,600519,14:36:21,1256.9700,2,1
2026-06-09,600519,14:36:24,1256.9800,2,1
2026-06-09,600519,14:36:27,1256.9900,2,1
2026-06-09,600519,14:36:30,1256.9900,1,1
2026-06-09,600519,14:36:33,1257.0000,3,1
2026-06-09,600519,14:36:36,1257.0000,4,1
2026-06-09,600519,14:36:39,1256.9000,14,2
2026-06-09,600519,14:36:45,1256.9800,6,2
2026-06-09,600519,14:36:51,1256.9800,7,1
2026-06-09,600519,14:36:54,1256.9800,3,1
2026-06-09,600519,14:36:57,1256.9900,2,1
2026-06-09,600519,14:37:03,1256.9100,20,2
2026-06-09,600519,14:37:06,1256.9000,7,2
2026-06-09,600519,14:37:09,1256.8900,3,2
2026-06-09,600519,14:37:12,1256.9000,3,2
2026-06-09,600519,14:37:18,1256.9100,5,1
2026-06-09,600519,14:37:21,1256.8700,4,2
2026-06-09,600519,14:37:30,1256.9600,6,1
2026-06-09,600519,14:37:39,1256.8600,9,2
2026-06-09,600519,14:37:42,1256.9600,7,1
2026-06-09,600519,14:37:45,1256.9500,2,2
2026-06-09,600519,14:37:48,1256.9600,2,1
2026-06-09,600519,14:37:51,1256.9500,2,2
2026-06-09,600519,14:37:54,1256.9500,5,2
2026-06-09,600519,14:37:57,1256.9100,8,2
2026-06-09,600519,14:38:03,1256.9000,6,2
2026-06-09,600519,14:38:06,1256.8800,3,2
2026-06-09,600519,14:38:09,1256.8700,4,2
2026-06-09,600519,14:38:12,1256.9000,15,1
2026-06-09,600519,14:38:18,1256.9301,3,1
2026-06-09,600519,14:38:21,1256.9200,4,4
2026-06-09,600519,14:38:27,1256.8600,3,2
2026-06-09,600519,14:38:30,1256.8600,4,2
2026-06-09,600519,14:38:33,1256.8800,3,2
2026-06-09,600519,14:38:36,1256.8900,2,1
2026-06-09,600519,14:38:39,1256.9200,7,1
2026-06-09,600519,14:38:42,1256.6899,59,2
2026-06-09,600519,14:38:45,1256.6801,7,4
2026-06-09,600519,14:38:48,1256.5800,6,2
2026-06-09,600519,14:38:51,1256.5200,4,2
2026-06-09,600519,14:38:54,1256.5000,12,2
2026-06-09,600519,14:38:57,1256.5000,9,2
2026-06-09,600519,14:39:00,1256.4700,3,2
2026-06-09,600519,14:39:03,1256.4900,3,1
2026-06-09,600519,14:39:06,1256.4100,6,2
2026-06-09,600519,14:39:09,1256.4900,13,1
2026-06-09,600519,14:39:12,1256.4500,3,2
2026-06-09,600519,14:39:15,1256.5000,8,1
2026-06-09,600519,14:39:18,1256.4900,3,1
2026-06-09,600519,14:39:21,1256.4200,4,2
2026-06-09,600519,14:39:24,1256.4200,6,2
2026-06-09,600519,14:39:27,1256.4000,4,2
2026-06-09,600519,14:39:30,1256.5000,11,1
2026-06-09,600519,14:39:33,1256.4000,2,2
2026-06-09,600519,14:39:36,1256.4000,2,2
2026-06-09,600519,14:39:39,1256.4200,2,1
2026-06-09,600519,14:39:42,1256.4200,7,1
2026-06-09,600519,14:39:45,1256.4000,6,1
2026-06-09,600519,14:39:48,1256.4000,5,1
2026-06-09,600519,14:39:51,1256.3900,7,2
2026-06-09,600519,14:39:54,1256.3900,1,1
2026-06-09,600519,14:39:57,1256.3800,1,4
2026-06-09,600519,14:40:00,1256.3700,3,2
2026-06-09,600519,14:40:03,1256.3800,6,2
2026-06-09,600519,14:40:06,1256.3800,5,2
2026-06-09,600519,14:40:12,1256.3700,3,2
2026-06-09,600519,14:40:15,1256.3500,1,2
2026-06-09,600519,14:40:18,1256.3500,2,2
2026-06-09,600519,14:40:21,1256.3500,2,2
2026-06-09,600519,14:40:24,1256.3600,3,1
2026-06-09,600519,14:40:27,1256.3700,1,1
2026-06-09,600519,14:40:30,1256.3500,2,2
2026-06-09,600519,14:40:36,1256.3400,4,2
2026-06-09,600519,14:40:39,1256.3600,1,1
2026-06-09,600519,14:40:42,1256.3500,7,1
2026-06-09,600519,14:40:45,1256.3600,7,1
2026-06-09,600519,14:40:51,1256.3600,2,2
2026-06-09,600519,14:40:54,1256.3800,11,1
2026-06-09,600519,14:40:57,1256.3500,6,2
2026-06-09,600519,14:41:00,1256.4000,4,1
2026-06-09,600519,14:41:03,1256.3500,4,2
2026-06-09,600519,14:41:06,1256.3600,2,2
2026-06-09,600519,14:41:09,1256.4000,1,1
2026-06-09,600519,14:41:15,1256.4000,2,1
2026-06-09,600519,14:41:18,1256.3600,6,2
2026-06-09,600519,14:41:24,1256.3700,2,2
2026-06-09,600519,14:41:27,1256.3600,1,2
2026-06-09,600519,14:41:30,1256.3600,6,2
2026-06-09,600519,14:41:33,1256.3500,1,2
2026-06-09,600519,14:41:36,1256.3700,3,2
2026-06-09,600519,14:41:39,1256.3800,10,1
2026-06-09,600519,14:41:42,1256.3700,22,2
2026-06-09,600519,14:41:45,1256.5000,6,1
2026-06-09,600519,14:41:48,1256.5000,1,1
2026-06-09,600519,14:41:51,1256.4200,6,2
2026-06-09,600519,14:41:54,1256.5000,7,1
2026-06-09,600519,14:42:00,1256.4301,1,2
2026-06-09,600519,14:42:03,1256.4800,5,1
2026-06-09,600519,14:42:06,1256.3900,8,2
2026-06-09,600519,14:42:09,1256.4301,4,1
2026-06-09,600519,14:42:12,1256.3700,6,2
2026-06-09,600519,14:42:15,1256.3600,7,2
2026-06-09,600519,14:42:18,1256.3500,6,2
2026-06-09,600519,14:42:21,1256.3500,2,2
2026-06-09,600519,14:42:24,1256.3300,5,2
2026-06-09,600519,14:42:27,1256.3500,4,1
2026-06-09,600519,14:42:30,1256.3500,3,1
2026-06-09,600519,14:42:33,1256.3600,10,1
2026-06-09,600519,14:42:36,1256.3199,7,2
2026-06-09,600519,14:42:39,1256.3500,6,1
2026-06-09,600519,14:42:42,1256.3500,4,1
2026-06-09,600519,14:42:45,1256.3400,2,2
2026-06-09,600519,14:42:48,1256.3400,2,1
2026-06-09,600519,14:42:51,1256.3000,14,2
2026-06-09,600519,14:42:54,1256.3400,1,1
2026-06-09,600519,14:42:57,1256.3300,2,1
2026-06-09,600519,14:43:03,1256.3101,4,2
2026-06-09,600519,14:43:06,1256.3000,2,2
2026-06-09,600519,14:43:09,1256.3000,12,2
2026-06-09,600519,14:43:12,1256.3000,1,1
2026-06-09,600519,14:43:15,1256.3400,5,1
2026-06-09,600519,14:43:18,1256.3000,2,2
2026-06-09,600519,14:43:21,1256.3199,3,1
2026-06-09,600519,14:43:24,1256.3199,4,2
2026-06-09,600519,14:43:27,1256.3199,2,2
2026-06-09,600519,14:43:30,1256.3300,1,1
2026-06-09,600519,14:43:33,1256.3400,5,1
2026-06-09,600519,14:43:36,1256.3199,1,2
2026-06-09,600519,14:43:39,1256.3400,6,1
2026-06-09,600519,14:43:42,1256.3600,3,1
2026-06-09,600519,14:43:48,1256.3700,7,1
2026-06-09,600519,14:43:51,1256.3600,6,1
2026-06-09,600519,14:43:54,1256.3600,2,2
2026-06-09,600519,14:43:57,1256.3400,5,1
2026-06-09,600519,14:44:00,1256.3600,4,1
2026-06-09,600519,14:44:03,1256.3700,2,1
2026-06-09,600519,14:44:06,1256.3600,1,2
2026-06-09,600519,14:44:09,1256.3600,3,2
2026-06-09,600519,14:44:15,1256.3600,3,2
2026-06-09,600519,14:44:18,1256.4000,3,1
2026-06-09,600519,14:44:21,1256.3900,2,1
2026-06-09,600519,14:44:24,1256.4100,3,1
2026-06-09,600519,14:44:30,1256.4100,2,2
2026-06-09,600519,14:44:33,1256.4100,2,2
2026-06-09,600519,14:44:36,1256.4000,3,2
2026-06-09,600519,14:44:39,1256.4700,1,1
2026-06-09,600519,14:44:42,1256.4800,2,1
2026-06-09,600519,14:44:45,1256.4100,1,2
2026-06-09,600519,14:44:48,1256.4700,1,1
2026-06-09,600519,14:44:51,1256.4900,4,1
2026-06-09,600519,14:44:54,1256.5000,9,1
2026-06-09,600519,14:44:57,1256.5601,4,1
2026-06-09,600519,14:45:00,1256.6000,4,1
2026-06-09,600519,14:45:03,1256.6400,3,1
2026-06-09,600519,14:45:06,1256.6200,5,2
2026-06-09,600519,14:45:09,1256.6300,2,2
2026-06-09,600519,14:45:12,1256.6600,1,1
2026-06-09,600519,14:45:15,1256.6600,2,1
2026-06-09,600519,14:45:18,1256.7100,5,1
2026-06-09,600519,14:45:24,1256.7300,6,1
2026-06-09,600519,14:45:27,1256.8800,1,1
2026-06-09,600519,14:45:30,1256.7400,3,2
2026-06-09,600519,14:45:33,1256.7400,6,2
2026-06-09,600519,14:45:36,1256.8800,10,1
2026-06-09,600519,14:45:39,1256.8700,3,2
2026-06-09,600519,14:45:42,1256.8600,1,1
2026-06-09,600519,14:45:45,1256.7500,1,2
2026-06-09,600519,14:45:48,1256.8500,1,1
2026-06-09,600519,14:45:51,1256.9500,13,1
2026-06-09,600519,14:45:54,1256.8800,2,1
2026-06-09,600519,14:45:57,1256.8900,1,2
2026-06-09,600519,14:46:00,1256.9399,1,1
2026-06-09,600519,14:46:03,1256.9100,1,2
2026-06-09,600519,14:46:06,1256.9500,3,1
2026-06-09,600519,14:46:09,1256.9500,4,1
2026-06-09,600519,14:46:12,1256.9700,1,1
2026-06-09,600519,14:46:15,1256.9600,3,4
2026-06-09,600519,14:46:18,1256.9600,2,4
2026-06-09,600519,14:46:21,1256.9700,9,1
2026-06-09,600519,14:46:24,1256.9700,6,1
2026-06-09,600519,14:46:27,1256.9800,4,1
2026-06-09,600519,14:46:30,1256.9500,20,2
2026-06-09,600519,14:46:33,1256.9301,3,2
2026-06-09,600519,14:46:36,1256.9000,15,2
2026-06-09,600519,14:46:39,1256.8000,7,2
2026-06-09,600519,14:46:42,1256.9000,4,1
2026-06-09,600519,14:46:45,1256.9200,9,2
2026-06-09,600519,14:46:48,1256.9301,5,2
2026-06-09,600519,14:46:51,1256.9399,2,2
2026-06-09,600519,14:46:54,1256.9200,2,2
2026-06-09,600519,14:46:57,1256.9301,1,2
2026-06-09,600519,14:47:00,1256.9399,1,1
2026-06-09,600519,14:47:03,1256.9200,3,2
2026-06-09,600519,14:47:06,1256.9399,5,1
2026-06-09,600519,14:47:09,1256.8900,15,2
2026-06-09,600519,14:47:12,1256.8800,2,2
2026-06-09,600519,14:47:15,1256.8800,4,2
2026-06-09,600519,14:47:18,1256.8900,10,2
2026-06-09,600519,14:47:21,1256.8300,13,2
2026-06-09,600519,14:47:24,1256.6300,12,2
2026-06-09,600519,14:47:27,1256.7400,1,1
2026-06-09,600519,14:47:30,1256.6100,1,2
2026-06-09,600519,14:47:33,1256.6100,2,2
2026-06-09,600519,14:47:36,1256.6100,2,2
2026-06-09,600519,14:47:45,1256.6000,2,2
2026-06-09,600519,14:47:48,1256.6100,2,2
2026-06-09,600519,14:47:51,1256.6000,10,2
2026-06-09,600519,14:47:54,1256.5900,7,2
2026-06-09,600519,14:47:57,1256.5900,3,1
2026-06-09,600519,14:48:00,1256.6000,5,1
2026-06-09,600519,14:48:03,1256.6000,10,2
2026-06-09,600519,14:48:06,1256.5900,3,2
2026-06-09,600519,14:48:09,1256.6000,6,1
2026-06-09,600519,14:48:15,1256.6000,6,1
2026-06-09,600519,14:48:18,1256.5900,1,2
2026-06-09,600519,14:48:21,1256.6000,10,1
2026-06-09,600519,14:48:27,1256.5900,9,2
2026-06-09,600519,14:48:30,1256.7600,2,1
2026-06-09,600519,14:48:33,1256.6000,9,1
2026-06-09,600519,14:48:36,1256.5900,2,2
2026-06-09,600519,14:48:39,1256.5900,2,1
2026-06-09,600519,14:48:42,1256.5601,9,2
2026-06-09,600519,14:48:45,1256.5900,3,1
2026-06-09,600519,14:48:48,1256.5900,2,1
2026-06-09,600519,14:48:51,1256.5900,4,1
2026-06-09,600519,14:48:54,1256.5800,3,2
2026-06-09,600519,14:48:57,1256.5900,2,1
2026-06-09,600519,14:49:00,1256.6000,2,1
2026-06-09,600519,14:49:03,1256.6100,4,1
2026-06-09,600519,14:49:09,1256.7500,2,1
2026-06-09,600519,14:49:12,1256.7900,3,1
2026-06-09,600519,14:49:15,1256.7600,6,2
2026-06-09,600519,14:49:18,1256.7500,3,2
2026-06-09,600519,14:49:21,1256.7100,10,2
2026-06-09,600519,14:49:24,1256.7400,5,1
2026-06-09,600519,14:49:30,1256.7000,1,2
2026-06-09,600519,14:49:33,1256.7000,4,2
2026-06-09,600519,14:49:36,1256.7100,1,1
2026-06-09,600519,14:49:39,1256.7000,5,1
2026-06-09,600519,14:49:42,1256.6700,3,2
2026-06-09,600519,14:49:45,1256.6600,8,2
2026-06-09,600519,14:49:48,1256.7000,1,1
2026-06-09,600519,14:49:51,1256.6600,5,2
2026-06-09,600519,14:49:54,1256.7000,5,1
2026-06-09,600519,14:50:00,1256.6801,7,1
2026-06-09,600519,14:50:03,1256.6899,17,1
2026-06-09,600519,14:50:06,1256.6200,15,2
2026-06-09,600519,14:50:09,1256.5900,11,2
2026-06-09,600519,14:50:12,1256.7000,4,1
2026-06-09,600519,14:50:15,1256.5800,7,2
2026-06-09,600519,14:50:18,1256.5601,3,2
2026-06-09,600519,14:50:21,1256.5900,4,1
2026-06-09,600519,14:50:24,1256.5699,2,2
2026-06-09,600519,14:50:27,1256.5699,2,1
2026-06-09,600519,14:50:30,1256.5800,3,1
2026-06-09,600519,14:50:33,1256.5699,6,4
2026-06-09,600519,14:50:36,1256.5699,4,2
2026-06-09,600519,14:50:39,1256.5699,7,2
2026-06-09,600519,14:50:42,1256.6100,4,1
2026-06-09,600519,14:50:45,1256.6000,2,1
2026-06-09,600519,14:50:48,1256.6200,1,1
2026-06-09,600519,14:50:51,1256.5900,3,2
2026-06-09,600519,14:50:54,1256.5900,5,1
2026-06-09,600519,14:50:57,1256.6000,2,1
2026-06-09,600519,14:51:00,1256.6000,2,2
2026-06-09,600519,14:51:03,1256.5900,2,2
2026-06-09,600519,14:51:06,1256.5900,4,2
2026-06-09,600519,14:51:09,1256.5900,3,2
2026-06-09,600519,14:51:12,1256.5900,3,2
2026-06-09,600519,14:51:15,1256.6000,6,1
2026-06-09,600519,14:51:18,1256.5699,4,2
2026-06-09,600519,14:51:21,1256.6100,3,1
2026-06-09,600519,14:51:24,1256.5800,5,2
2026-06-09,600519,14:51:27,1256.5800,4,2
2026-06-09,600519,14:51:30,1256.5699,6,2
2026-06-09,600519,14:51:33,1256.5699,2,1
2026-06-09,600519,14:51:36,1256.5699,9,1
2026-06-09,600519,14:51:39,1256.5800,1,1
2026-06-09,600519,14:51:42,1256.6000,9,1
2026-06-09,600519,14:51:45,1256.5800,5,2
2026-06-09,600519,14:51:48,1256.6801,7,1
2026-06-09,600519,14:51:51,1256.5800,1,2
2026-06-09,600519,14:51:54,1256.6801,12,1
2026-06-09,600519,14:51:57,1256.5800,6,2
2026-06-09,600519,14:52:00,1256.6801,16,1
2026-06-09,600519,14:52:03,1256.7100,17,1
2026-06-09,600519,14:52:06,1256.7500,18,1
2026-06-09,600519,14:52:09,1256.7100,12,2
2026-06-09,600519,14:52:12,1256.7500,51,1
2026-06-09,600519,14:52:15,1256.7500,9,1
2026-06-09,600519,14:52:18,1256.7100,11,2
2026-06-09,600519,14:52:21,1256.5500,21,2
2026-06-09,600519,14:52:24,1256.5500,5,2
2026-06-09,600519,14:52:27,1256.5000,11,2
2026-06-09,600519,14:52:30,1256.5601,1,1
2026-06-09,600519,14:52:33,1256.5000,6,2
2026-06-09,600519,14:52:36,1256.5400,7,1
2026-06-09,600519,14:52:39,1256.5000,4,2
2026-06-09,600519,14:52:42,1256.5000,4,1
2026-06-09,600519,14:52:45,1256.5601,3,1
2026-06-09,600519,14:52:48,1256.5500,2,1
2026-06-09,600519,14:52:51,1256.4900,1,2
2026-06-09,600519,14:52:54,1256.5800,2,1
2026-06-09,600519,14:52:57,1256.5699,1,1
2026-06-09,600519,14:53:00,1256.5200,4,2
2026-06-09,600519,14:53:03,1256.5100,6,2
2026-06-09,600519,14:53:06,1256.6100,5,1
2026-06-09,600519,14:53:09,1256.7000,5,1
2026-06-09,600519,14:53:12,1256.7000,12,1
2026-06-09,600519,14:53:15,1256.7100,7,1
2026-06-09,600519,14:53:18,1256.6801,3,1
2026-06-09,600519,14:53:21,1256.6300,5,1
2026-06-09,600519,14:53:24,1256.6100,22,2
2026-06-09,600519,14:53:27,1256.6700,1,1
2026-06-09,600519,14:53:30,1256.7100,4,1
2026-06-09,600519,14:53:33,1256.6000,3,2
2026-06-09,600519,14:53:36,1256.5800,6,2
2026-06-09,600519,14:53:39,1256.6000,8,2
2026-06-09,600519,14:53:42,1256.5500,9,2
2026-06-09,600519,14:53:45,1256.5500,3,2
2026-06-09,600519,14:53:48,1256.5601,6,1
2026-06-09,600519,14:53:51,1256.5000,15,2
2026-06-09,600519,14:53:54,1256.5400,2,1
2026-06-09,600519,14:53:57,1256.5300,4,2
2026-06-09,600519,14:54:00,1256.2800,35,2
2026-06-09,600519,14:54:03,1256.2500,23,2
2026-06-09,600519,14:54:06,1256.1400,11,2
2026-06-09,600519,14:54:09,1256.4700,5,2
2026-06-09,600519,14:54:12,1256.4600,14,1
2026-06-09,600519,14:54:15,1256.1400,2,2
2026-06-09,600519,14:54:18,1256.4600,13,1
2026-06-09,600519,14:54:21,1256.4600,4,1
2026-06-09,600519,14:54:24,1256.0000,55,2
2026-06-09,600519,14:54:27,1256.5500,21,1
2026-06-09,600519,14:54:30,1256.4500,4,2
2026-06-09,600519,14:54:33,1256.5000,1,1
2026-06-09,600519,14:54:36,1256.4800,1,1
2026-06-09,600519,14:54:39,1256.5500,4,1
2026-06-09,600519,14:54:42,1256.5500,5,1
2026-06-09,600519,14:54:45,1256.5500,5,1
2026-06-09,600519,14:54:48,1256.5500,7,1
2026-06-09,600519,14:54:51,1256.4900,7,2
2026-06-09,600519,14:54:54,1256.5300,1,1
2026-06-09,600519,14:54:57,1256.0100,9,2
2026-06-09,600519,14:55:00,1256.5500,18,1
2026-06-09,600519,14:55:03,1256.5800,4,1
2026-06-09,600519,14:55:06,1256.5500,7,2
2026-06-09,600519,14:55:09,1256.5800,7,1
2026-06-09,600519,14:55:12,1256.6600,5,1
2026-06-09,600519,14:55:15,1256.6801,4,1
2026-06-09,600519,14:55:18,1256.6000,5,2
2026-06-09,600519,14:55:21,1256.7500,9,1
2026-06-09,600519,14:55:24,1256.8800,16,1
2026-06-09,600519,14:55:27,1256.9900,11,1
2026-06-09,600519,14:55:30,1257.2200,17,1
2026-06-09,600519,14:55:33,1257.2600,1,1
2026-06-09,600519,14:55:36,1257.5000,5,1
2026-06-09,600519,14:55:39,1257.5000,4,1
2026-06-09,600519,14:55:42,1257.5699,5,1
2026-06-09,600519,14:55:45,1257.6100,21,1
2026-06-09,600519,14:55:48,1257.5800,2,2
2026-06-09,600519,14:55:51,1257.6200,3,1
2026-06-09,600519,14:55:54,1257.5000,18,2
2026-06-09,600519,14:55:57,1257.5800,3,2
2026-06-09,600519,14:56:00,1257.5000,13,2
2026-06-09,600519,14:56:03,1257.6000,4,2
2026-06-09,600519,14:56:06,1257.6000,10,2
2026-06-09,600519,14:56:09,1257.2900,8,2
2026-06-09,600519,14:56:12,1257.8700,18,1
2026-06-09,600519,14:56:15,1257.5900,6,1
2026-06-09,600519,14:56:18,1257.6000,6,1
2026-06-09,600519,14:56:21,1257.8101,5,1
2026-06-09,600519,14:56:24,1257.8000,3,1
2026-06-09,600519,14:56:27,1257.8199,16,1
2026-06-09,600519,14:56:30,1257.8101,8,1
2026-06-09,600519,14:56:33,1257.5500,4,1
2026-06-09,600519,14:56:36,1256.8199,6,2
2026-06-09,600519,14:56:39,1256.8000,4,2
2026-06-09,600519,14:56:42,1257.0800,15,1
2026-06-09,600519,14:56:45,1257.5300,4,1
2026-06-09,600519,14:56:48,1257.0000,1,2
2026-06-09,600519,14:56:51,1257.4900,2,1
2026-06-09,600519,14:57:00,1257.0800,7,2
2026-06-09,600519,15:00:02,1256.0000,506,4
2026-06-09,600519,13:01:24,1257.2900,5,2
2026-06-09,600519,13:01:27,1257.2900,2,2
2026-06-09,600519,13:01:33,1257.9600,2,1
2026-06-09,600519,13:01:39,1257.2900,6,2
2026-06-09,600519,13:01:42,1257.2800,2,4
2026-06-09,600519,13:01:45,1257.2900,18,1
2026-06-09,600519,13:01:48,1257.2900,1,1
2026-06-09,600519,13:01:51,1256.9900,4,2
2026-06-09,600519,13:01:54,1256.9900,2,2
2026-06-09,600519,13:01:57,1256.9900,2,2
2026-06-09,600519,13:02:00,1256.9900,2,2
2026-06-09,600519,13:02:03,1257.0000,2,1
2026-06-09,600519,13:02:06,1257.1600,2,1
2026-06-09,600519,13:02:09,1256.9900,2,2
2026-06-09,600519,13:02:12,1256.9900,3,2
2026-06-09,600519,13:02:15,1256.9900,4,2
2026-06-09,600519,13:02:18,1257.0000,7,1
2026-06-09,600519,13:02:21,1256.8900,3,2
2026-06-09,600519,13:02:24,1256.9800,3,1
2026-06-09,600519,13:02:27,1256.9900,3,1
2026-06-09,600519,13:02:30,1256.9900,3,2
2026-06-09,600519,13:02:33,1256.6000,7,2
2026-06-09,600519,13:02:36,1256.9900,2,1
2026-06-09,600519,13:02:39,1256.7000,1,1
2026-06-09,600519,13:02:42,1256.7000,1,2
2026-06-09,600519,13:02:48,1256.9900,5,1
2026-06-09,600519,13:02:51,1257.0000,3,1
2026-06-09,600519,13:02:54,1257.0000,6,1
2026-06-09,600519,13:02:57,1256.7000,14,2
2026-06-09,600519,13:03:00,1256.7000,2,1
2026-06-09,600519,13:03:03,1256.6899,1,1
2026-06-09,600519,13:03:06,1256.6899,1,1
2026-06-09,600519,13:03:09,1256.4100,2,1
2026-06-09,600519,13:03:12,1256.1000,3,2
2026-06-09,600519,13:03:15,1256.4100,6,2
2026-06-09,600519,13:03:21,1256.7000,1,1
2026-06-09,600519,13:03:24,1256.6801,1,1
2026-06-09,600519,13:03:27,1256.6899,2,1
2026-06-09,600519,13:03:30,1256.4200,1,2
2026-06-09,600519,13:03:33,1256.6899,2,1
2026-06-09,600519,13:03:36,1256.4301,2,2
2026-06-09,600519,13:03:45,1256.4301,1,2
2026-06-09,600519,13:03:48,1256.4500,3,2
2026-06-09,600519,13:03:51,1256.4301,7,2
2026-06-09,600519,13:03:54,1256.6899,10,1
2026-06-09,600519,13:03:57,1256.6899,1,1
2026-06-09,600519,13:04:03,1256.6801,1,1
2026-06-09,600519,13:04:06,1256.6899,1,1
2026-06-09,600519,13:04:09,1256.4399,1,2
2026-06-09,600519,13:04:12,1256.6899,2,1
2026-06-09,600519,13:04:15,1256.4200,10,2
2026-06-09,600519,13:04:18,1256.4301,9,1
2026-06-09,600519,13:04:21,1256.1100,1,2
2026-06-09,600519,13:04:24,1256.1000,8,2
2026-06-09,600519,13:04:33,1256.0000,2,2
2026-06-09,600519,13:04:36,1256.0000,2,2
2026-06-09,600519,13:04:39,1256.0000,9,2
2026-06-09,600519,13:04:42,1256.0000,2,1
2026-06-09,600519,13:04:45,1256.0000,4,1
2026-06-09,600519,13:04:48,1255.7800,4,2
2026-06-09,600519,13:04:51,1256.0000,1,1
2026-06-09,600519,13:05:00,1255.7800,22,2
2026-06-09,600519,13:05:03,1255.7800,2,1
2026-06-09,600519,13:05:06,1255.7700,5,2
2026-06-09,600519,13:05:09,1255.7700,8,1
2026-06-09,600519,13:05:12,1255.7700,6,1
2026-06-09,600519,13:05:15,1255.7600,138,2
2026-06-09,600519,13:05:18,1255.7700,8,1
2026-06-09,600519,13:05:21,1255.7700,3,1
2026-06-09,600519,13:05:24,1255.7700,1,1
2026-06-09,600519,13:05:27,1255.7600,2,2
2026-06-09,600519,13:05:30,1255.7700,1,1
2026-06-09,600519,13:05:33,1255.7500,10,2
2026-06-09,600519,13:05:36,1255.7500,2,2
2026-06-09,600519,13:05:39,1255.7700,3,1
2026-06-09,600519,13:05:45,1255.7700,1,1
2026-06-09,600519,13:05:48,1255.7500,11,2
2026-06-09,600519,13:05:51,1255.7100,7,1
2026-06-09,600519,13:05:54,1255.7000,4,2
2026-06-09,600519,13:05:57,1255.7100,1,1
2026-06-09,600519,13:06:03,1255.7100,6,1
2026-06-09,600519,13:06:06,1255.6801,4,2
2026-06-09,600519,13:06:09,1255.5500,8,2
2026-06-09,600519,13:06:12,1255.5100,2,2
2026-06-09,600519,13:06:15,1255.5000,11,2
2026-06-09,600519,13:06:18,1255.4700,2,2
2026-06-09,600519,13:06:21,1255.3500,3,2
2026-06-09,600519,13:06:24,1255.3199,2,2
2026-06-09,600519,13:06:33,1255.2100,6,2
2026-06-09,600519,13:06:36,1255.2100,3,1
2026-06-09,600519,13:06:42,1255.2100,10,1
2026-06-09,600519,13:06:45,1255.2100,4,2
2026-06-09,600519,13:06:48,1255.2000,10,2
2026-06-09,600519,13:06:51,1255.2000,3,1
2026-06-09,600519,13:06:57,1255.2000,7,1
2026-06-09,600519,13:07:00,1255.1899,3,2
2026-06-09,600519,13:07:03,1255.1899,6,2
2026-06-09,600519,13:07:06,1255.2000,1,1
2026-06-09,600519,13:07:09,1255.1899,6,2
2026-06-09,600519,13:07:12,1255.1801,1,4
2026-06-09,600519,13:07:18,1255.1899,2,1
2026-06-09,600519,13:07:21,1255.1300,7,2
2026-06-09,600519,13:07:27,1255.1300,4,1
2026-06-09,600519,13:07:30,1255.0800,27,2
2026-06-09,600519,13:07:33,1255.0699,4,2
2026-06-09,600519,13:07:36,1255.0500,4,2
2026-06-09,600519,13:07:39,1255.0300,3,2
2026-06-09,600519,13:07:42,1255.0200,1,2
2026-06-09,600519,13:07:45,1255.0200,6,2
2026-06-09,600519,13:07:48,1255.0200,1,1
2026-06-09,600519,13:07:54,1255.0100,35,2
2026-06-09,600519,13:07:57,1255.0100,3,1
2026-06-09,600519,13:08:00,1255.0000,5,2
2026-06-09,600519,13:08:03,1255.0000,18,2
2026-06-09,600519,13:08:06,1255.0000,2,2
2026-06-09,600519,13:08:09,1255.0000,15,2
2026-06-09,600519,13:08:12,1255.0100,6,1
2026-06-09,600519,13:08:15,1255.0000,2,2
2026-06-09,600519,13:08:18,1255.0100,6,1
2026-06-09,600519,13:08:21,1255.0100,5,1
2026-06-09,600519,13:08:24,1255.0100,3,4
2026-06-09,600519,13:08:27,1255.0100,4,2
2026-06-09,600519,13:08:30,1255.0000,283,2
2026-06-09,600519,13:08:33,1255.0000,22,2
2026-06-09,600519,13:08:39,1254.6899,9,2
2026-06-09,600519,13:08:42,1254.7600,1,1
2026-06-09,600519,13:08:45,1254.6801,4,2
2026-06-09,600519,13:08:48,1254.6200,12,2
2026-06-09,600519,13:08:51,1254.6000,5,2
2026-06-09,600519,13:08:54,1254.6801,9,1
2026-06-09,600519,13:08:57,1254.6899,2,1
2026-06-09,600519,13:09:03,1254.6899,4,2
2026-06-09,600519,13:09:06,1254.6899,1,2
2026-06-09,600519,13:09:12,1254.8600,1,1
2026-06-09,600519,13:09:15,1254.8600,3,2
2026-06-09,600519,13:09:18,1254.8600,5,2
2026-06-09,600519,13:09:21,1254.8700,2,1
2026-06-09,600519,13:09:24,1254.8800,1,1
2026-06-09,600519,13:09:27,1254.8800,2,1
2026-06-09,600519,13:09:30,1254.8600,12,2
2026-06-09,600519,13:09:33,1254.8700,1,2
2026-06-09,600519,13:09:36,1254.9700,3,1
2026-06-09,600519,13:09:42,1254.9800,1,1
2026-06-09,600519,13:09:45,1254.9700,4,2
2026-06-09,600519,13:09:48,1254.9700,1,2
2026-06-09,600519,13:09:54,1255.0000,9,1
2026-06-09,600519,13:09:57,1255.0000,2,1
2026-06-09,600519,13:10:00,1254.9700,4,2
2026-06-09,600519,13:10:03,1255.0000,4,1
2026-06-09,600519,13:10:06,1254.9800,3,2
2026-06-09,600519,13:10:09,1254.9900,1,1
2026-06-09,600519,13:10:12,1255.0000,6,1
2026-06-09,600519,13:10:18,1254.9800,1,2
2026-06-09,600519,13:10:21,1254.9900,3,1
2026-06-09,600519,13:10:24,1254.9700,31,2
2026-06-09,600519,13:10:27,1254.9800,5,1
2026-06-09,600519,13:10:30,1254.9200,1,4
2026-06-09,600519,13:10:33,1254.8600,5,2
2026-06-09,600519,13:10:36,1254.8500,10,2
2026-06-09,600519,13:10:39,1254.8400,2,2
2026-06-09,600519,13:10:42,1254.6899,4,2
2026-06-09,600519,13:10:45,1254.8600,9,1
2026-06-09,600519,13:10:48,1254.8800,1,1
2026-06-09,600519,13:10:51,1254.8800,1,1
2026-06-09,600519,13:10:54,1254.9100,4,1
2026-06-09,600519,13:11:00,1254.9399,3,1
2026-06-09,600519,13:11:06,1254.8800,4,2
2026-06-09,600519,13:11:12,1254.9399,2,2
2026-06-09,600519,13:11:18,1254.9500,1,1
2026-06-09,600519,13:11:21,1254.9500,1,1
2026-06-09,600519,13:11:24,1254.9399,3,2
2026-06-09,600519,13:11:30,1254.9000,10,2
2026-06-09,600519,13:11:33,1254.8700,7,2
2026-06-09,600519,13:11:36,1254.8700,5,1
2026-06-09,600519,13:11:39,1254.8300,4,2
2026-06-09,600519,13:11:42,1254.7500,7,2
2026-06-09,600519,13:11:45,1254.6899,15,2
2026-06-09,600519,13:11:51,1254.8300,3,2
2026-06-09,600519,13:11:54,1254.7100,1,2
2026-06-09,600519,13:11:57,1254.7000,2,2
2026-06-09,600519,13:12:00,1254.8400,4,1
2026-06-09,600519,13:12:06,1254.7100,41,2
2026-06-09,600519,13:12:09,1254.7000,3,2
2026-06-09,600519,13:12:12,1254.6899,2,2
2026-06-09,600519,13:12:15,1254.6899,2,2
2026-06-09,600519,13:12:18,1254.6500,6,2
2026-06-09,600519,13:12:21,1254.8000,31,1
2026-06-09,600519,13:12:24,1254.6100,2,1
2026-06-09,600519,13:12:27,1254.8000,4,1
2026-06-09,600519,13:12:30,1254.7200,1,2
2026-06-09,600519,13:12:33,1254.6500,2,2
2026-06-09,600519,13:12:36,1254.7800,2,1
2026-06-09,600519,13:12:39,1254.6500,4,2
2026-06-09,600519,13:12:42,1254.6400,1,2
2026-06-09,600519,13:12:45,1254.6700,3,1
2026-06-09,600519,13:12:48,1254.7200,2,2
2026-06-09,600519,13:12:51,1254.7900,3,2
2026-06-09,600519,13:12:54,1254.8000,2,1
2026-06-09,600519,13:12:57,1254.7900,19,2
2026-06-09,600519,13:13:00,1254.8000,13,1
2026-06-09,600519,13:13:06,1254.8101,4,1
2026-06-09,600519,13:13:09,1254.8000,2,2
2026-06-09,600519,13:13:12,1254.8000,1,1
2026-06-09,600519,13:13:15,1254.8101,5,2
2026-06-09,600519,13:13:18,1254.4000,71,2
2026-06-09,600519,13:13:21,1254.4800,4,2
2026-06-09,600519,13:13:24,1254.6400,2,1
2026-06-09,600519,13:13:27,1254.5400,2,2
2026-06-09,600519,13:13:30,1254.3600,4,2
2026-06-09,600519,13:13:33,1254.7000,5,1
2026-06-09,600519,13:13:39,1254.7000,3,2
2026-06-09,600519,13:13:45,1254.3900,5,2
2026-06-09,600519,13:13:48,1254.6000,2,1
2026-06-09,600519,13:13:51,1254.7000,2,1
2026-06-09,600519,13:13:54,1254.4000,1,2
2026-06-09,600519,13:13:57,1254.7000,1,1
2026-06-09,600519,13:14:00,1254.5601,1,1
2026-06-09,600519,13:14:03,1254.5000,5,1
2026-06-09,600519,13:14:06,1254.4000,24,2
2026-06-09,600519,13:14:09,1254.3900,9,2
2026-06-09,600519,13:14:12,1254.4000,6,4
2026-06-09,600519,13:14:15,1254.4100,3,2
2026-06-09,600519,13:14:18,1254.3000,14,2
2026-06-09,600519,13:14:21,1254.3000,3,1
2026-06-09,600519,13:14:24,1254.3000,6,1
2026-06-09,600519,13:14:27,1254.3000,6,1
2026-06-09,600519,13:14:30,1254.3000,2,1
2026-06-09,600519,13:14:33,1254.2900,4,2
2026-06-09,600519,13:14:36,1254.3000,10,1
2026-06-09,600519,13:14:39,1254.2600,8,2
2026-06-09,600519,13:14:42,1254.3300,5,1
2026-06-09,600519,13:14:48,1254.2400,8,2
2026-06-09,600519,13:14:54,1254.1801,42,2
2026-06-09,600519,13:14:57,1254.1899,3,4
2026-06-09,600519,13:15:00,1254.2000,3,1
2026-06-09,600519,13:15:03,1254.1801,3,2
2026-06-09,600519,13:15:06,1254.1801,12,2
2026-06-09,600519,13:15:09,1254.1600,20,2
2026-06-09,600519,13:15:12,1253.9900,321,2
2026-06-09,600519,13:15:15,1253.9000,18,2
2026-06-09,600519,13:15:18,1253.9600,1,1
2026-06-09,600519,13:15:21,1253.9000,2,2
2026-06-09,600519,13:15:24,1253.9200,3,1
2026-06-09,600519,13:15:27,1253.8800,4,2
2026-06-09,600519,13:15:30,1253.9500,12,1
2026-06-09,600519,13:15:33,1253.8700,17,2
2026-06-09,600519,13:15:36,1253.8700,11,2
2026-06-09,600519,13:15:39,1253.9000,4,1
2026-06-09,600519,13:15:42,1253.8800,1,1
2026-06-09,600519,13:15:45,1253.8700,2,2
2026-06-09,600519,13:15:48,1253.8000,38,2
2026-06-09,600519,13:15:51,1253.8000,7,1
2026-06-09,600519,13:15:54,1253.7700,3,2
2026-06-09,600519,13:15:57,1253.8000,9,1
2026-06-09,600519,13:16:00,1253.8000,9,1
2026-06-09,600519,13:16:03,1253.7700,5,2
2026-06-09,600519,13:16:06,1253.7600,3,2
2026-06-09,600519,13:16:09,1253.7500,9,1
2026-06-09,600519,13:16:12,1253.7000,6,2
2026-06-09,600519,13:16:15,1253.7000,8,2
2026-06-09,600519,13:16:18,1253.7700,6,1
2026-06-09,600519,13:16:21,1253.8000,1,1
2026-06-09,600519,13:16:24,1253.7800,5,2
2026-06-09,600519,13:16:27,1253.7700,16,2
2026-06-09,600519,13:16:30,1253.8000,8,1
2026-06-09,600519,13:16:33,1253.7700,7,2
2026-06-09,600519,13:16:36,1253.8000,22,1
2026-06-09,600519,13:16:39,1253.7100,2,2
2026-06-09,600519,13:16:42,1253.7700,3,1
2026-06-09,600519,13:16:45,1253.7000,5,2
2026-06-09,600519,13:16:48,1253.6899,10,2
2026-06-09,600519,13:16:54,1253.7100,10,2
2026-06-09,600519,13:16:57,1253.7000,6,2
2026-06-09,600519,13:17:00,1253.7700,5,1
2026-06-09,600519,13:17:06,1253.7100,2,1
2026-06-09,600519,13:17:09,1253.7100,2,2
2026-06-09,600519,13:17:12,1253.7700,4,1
2026-06-09,600519,13:17:15,1253.7700,3,1
2026-06-09,600519,13:17:18,1253.7000,3,2
2026-06-09,600519,13:17:21,1253.7000,1,2
2026-06-09,600519,13:17:24,1253.7700,11,1
2026-06-09,600519,13:17:27,1253.7700,3,2
2026-06-09,600519,13:17:33,1253.8000,1,1
2026-06-09,600519,13:17:36,1253.8000,2,1
2026-06-09,600519,13:17:39,1253.8000,2,2
2026-06-09,600519,13:17:42,1253.8000,2,1
2026-06-09,600519,13:17:45,1253.8000,4,1
2026-06-09,600519,13:17:48,1253.8000,3,1
2026-06-09,600519,13:17:51,1253.8000,3,1
2026-06-09,600519,13:17:54,1253.8000,3,2
2026-06-09,600519,13:17:57,1253.8300,4,1
2026-06-09,600519,13:18:00,1253.8199,2,2
2026-06-09,600519,13:18:03,1253.8700,1,1
2026-06-09,600519,13:18:06,1253.8700,1,1
2026-06-09,600519,13:18:12,1253.9000,9,1
2026-06-09,600519,13:18:15,1253.9100,5,2
2026-06-09,600519,13:18:18,1253.8700,25,2
2026-06-09,600519,13:18:21,1253.8700,1,1
2026-06-09,600519,13:18:24,1253.8600,3,1
2026-06-09,600519,13:18:27,1253.9600,2,1
2026-06-09,600519,13:18:30,1253.9100,1,2
2026-06-09,600519,13:18:33,1253.9200,5,4
2026-06-09,600519,13:18:36,1253.9200,4,1
2026-06-09,600519,13:18:39,1253.9100,6,2
2026-06-09,600519,13:18:45,1253.9100,5,1
2026-06-09,600519,13:18:48,1253.9100,2,1
2026-06-09,600519,13:18:51,1253.9100,1,1
2026-06-09,600519,13:18:54,1253.9100,11,1
2026-06-09,600519,13:18:57,1253.9600,3,1
2026-06-09,600519,13:19:06,1253.8700,23,2
2026-06-09,600519,13:19:18,1253.8800,8,2
2026-06-09,600519,13:19:21,1253.8800,5,1
2026-06-09,600519,13:19:24,1253.8700,5,2
2026-06-09,600519,13:19:27,1253.8700,1,2
2026-06-09,600519,13:19:30,1253.8199,16,2
2026-06-09,600519,13:19:33,1253.8600,7,1
2026-06-09,600519,13:19:36,1253.8700,12,1
2026-06-09,600519,13:19:39,1253.8101,9,2
2026-06-09,600519,13:19:42,1253.8199,4,2
2026-06-09,600519,13:19:45,1253.8600,9,1
2026-06-09,600519,13:19:48,1253.8600,7,1
2026-06-09,600519,13:19:51,1253.8000,5,2
2026-06-09,600519,13:19:54,1253.7800,5,2
2026-06-09,600519,13:19:57,1253.8000,9,1
2026-06-09,600519,13:20:00,1253.7700,5,2
2026-06-09,600519,13:20:03,1253.7700,4,2
2026-06-09,600519,13:20:06,1253.7700,1,2
2026-06-09,600519,13:20:09,1253.7900,4,1
2026-06-09,600519,13:20:12,1253.7700,2,2
2026-06-09,600519,13:20:15,1253.7700,2,2
2026-06-09,600519,13:20:18,1253.7700,7,2
2026-06-09,600519,13:20:21,1253.7600,2,1
2026-06-09,600519,13:20:27,1253.7400,4,1
2026-06-09,600519,13:20:30,1253.7100,2,2
2026-06-09,600519,13:20:33,1253.7300,4,4
2026-06-09,600519,13:20:36,1253.7300,1,2
2026-06-09,600519,13:20:39,1253.7300,4,1
2026-06-09,600519,13:20:42,1253.7300,2,2
2026-06-09,600519,13:20:45,1253.7300,5,2
2026-06-09,600519,13:20:48,1253.7300,3,2
2026-06-09,600519,13:20:51,1253.7400,4,2
2026-06-09,600519,13:20:54,1253.7800,3,1
2026-06-09,600519,13:20:57,1253.7400,4,2
2026-06-09,600519,13:21:00,1253.7500,6,1
2026-06-09,600519,13:21:03,1253.7300,7,2
2026-06-09,600519,13:21:06,1253.7800,1,1
2026-06-09,600519,13:21:09,1253.7900,2,1
2026-06-09,600519,13:21:12,1253.7800,1,2
2026-06-09,600519,13:21:15,1253.8000,4,1
2026-06-09,600519,13:21:18,1253.7900,3,2
2026-06-09,600519,13:21:21,1253.7900,4,2
2026-06-09,600519,13:21:24,1253.8000,6,1
2026-06-09,600519,13:21:27,1253.8000,4,1
2026-06-09,600519,13:21:30,1253.8000,1,2
2026-06-09,600519,13:21:33,1253.8600,1,1
2026-06-09,600519,13:21:36,1253.8700,6,1
2026-06-09,600519,13:21:39,1253.8600,8,2
2026-06-09,600519,13:21:42,1253.8000,6,2
2026-06-09,600519,13:21:45,1253.7900,5,2
2026-06-09,600519,13:21:48,1253.8000,6,1
2026-06-09,600519,13:21:51,1253.8000,7,1
2026-06-09,600519,13:21:54,1253.8000,7,1
2026-06-09,600519,13:21:57,1253.8000,4,1
2026-06-09,600519,13:22:03,1253.8600,1,1
2026-06-09,600519,13:22:09,1253.8600,1,1
2026-06-09,600519,13:22:12,1253.8400,3,2
2026-06-09,600519,13:22:15,1253.8600,2,1
2026-06-09,600519,13:22:18,1253.8600,1,2
2026-06-09,600519,13:22:21,1253.8700,4,1
2026-06-09,600519,13:22:27,1253.8600,2,2
2026-06-09,600519,13:22:30,1253.8800,12,1
2026-06-09,600519,13:22:33,1253.8800,6,2
2026-06-09,600519,13:22:36,1253.8800,5,2
2026-06-09,600519,13:22:39,1253.9000,3,1
2026-06-09,600519,13:22:42,1253.8900,5,4
2026-06-09,600519,13:22:48,1253.8800,4,2
2026-06-09,600519,13:22:51,1253.9000,5,1
2026-06-09,600519,13:22:54,1253.8800,3,2
2026-06-09,600519,13:22:57,1253.8900,4,4
2026-06-09,600519,13:23:03,1253.8900,21,2
2026-06-09,600519,13:23:06,1253.9000,3,1
2026-06-09,600519,13:23:09,1253.9000,5,1
2026-06-09,600519,13:23:12,1253.8900,3,2
2026-06-09,600519,13:23:15,1253.9100,1,1
2026-06-09,600519,13:23:18,1253.9100,3,1
2026-06-09,600519,13:23:21,1254.0000,4,1
2026-06-09,600519,13:23:27,1253.9200,1,2
2026-06-09,600519,13:23:30,1254.0000,1,1
2026-06-09,600519,13:23:33,1253.9399,5,2
2026-06-09,600519,13:23:36,1253.9900,5,1
2026-06-09,600519,13:23:39,1254.0000,8,1
2026-06-09,600519,13:23:42,1254.0000,2,1
2026-06-09,600519,13:23:45,1253.9900,3,2
2026-06-09,600519,13:23:48,1254.2000,17,1
2026-06-09,600519,13:23:51,1254.5000,35,1
2026-06-09,600519,13:23:54,1254.7600,23,1
2026-06-09,600519,13:23:57,1255.0100,50,1
2026-06-09,600519,13:24:00,1255.1100,3,1
2026-06-09,600519,13:24:03,1255.0200,4,2
2026-06-09,600519,13:24:06,1255.0200,110,2
2026-06-09,600519,13:24:09,1255.1700,15,1
2026-06-09,600519,13:24:12,1255.1300,1,1
2026-06-09,600519,13:24:15,1255.1700,3,1
2026-06-09,600519,13:24:24,1255.1899,3,1
2026-06-09,600519,13:24:30,1255.1700,6,2
2026-06-09,600519,13:24:33,1255.1700,3,2
2026-06-09,600519,13:24:36,1255.2000,3,1
2026-06-09,600519,13:24:39,1254.2700,13,2
2026-06-09,600519,13:24:48,1254.7000,1,1
2026-06-09,600519,13:24:51,1254.2900,1,2
2026-06-09,600519,13:24:54,1254.2800,3,2
2026-06-09,600519,13:24:57,1254.2700,16,2
2026-06-09,600519,13:25:00,1254.2000,5,2
2026-06-09,600519,13:25:03,1254.0300,3,2
2026-06-09,600519,13:25:06,1254.0900,2,1
2026-06-09,600519,13:25:09,1254.0300,2,2
2026-06-09,600519,13:25:12,1254.1000,5,2
2026-06-09,600519,13:25:15,1254.7800,3,1
2026-06-09,600519,13:25:18,1254.0300,1,2
2026-06-09,600519,13:25:24,1254.7500,2,1
2026-06-09,600519,13:25:30,1254.7600,4,1
2026-06-09,600519,13:25:33,1254.7800,1,1
2026-06-09,600519,13:25:36,1254.7600,2,2
2026-06-09,600519,13:25:39,1254.7600,1,2
2026-06-09,600519,13:25:45,1254.7600,3,2
2026-06-09,600519,13:25:48,1254.7900,1,1
2026-06-09,600519,13:25:51,1254.7800,4,1
2026-06-09,600519,13:25:57,1254.7600,1,2
2026-06-09,600519,13:26:00,1254.6000,12,2
2026-06-09,600519,13:26:06,1254.6000,2,1
2026-06-09,600519,13:26:09,1254.6000,2,1
2026-06-09,600519,13:26:12,1254.2500,6,2
2026-06-09,600519,13:26:15,1254.2200,4,2
2026-06-09,600519,13:26:18,1254.6000,1,1
2026-06-09,600519,13:26:21,1254.6000,1,1
2026-06-09,600519,13:26:24,1254.2100,1,2
2026-06-09,600519,13:26:27,1254.4399,2,2
2026-06-09,600519,13:26:30,1254.4500,2,1
2026-06-09,600519,13:26:36,1254.2200,6,2
2026-06-09,600519,13:26:39,1254.3600,1,2
2026-06-09,600519,13:26:42,1254.4800,6,1
2026-06-09,600519,13:26:48,1254.4800,103,1
2026-06-09,600519,13:26:51,1254.5000,30,1
2026-06-09,600519,13:26:54,1254.3600,4,1
2026-06-09,600519,13:26:57,1254.5000,2,1
2026-06-09,600519,13:27:00,1254.3600,3,1
2026-06-09,600519,13:27:18,1254.3700,5,2
2026-06-09,600519,13:27:24,1254.3700,2,1
2026-06-09,600519,13:27:30,1254.3700,3,1
2026-06-09,600519,13:27:36,1254.3700,2,1
2026-06-09,600519,13:27:39,1254.3700,1,2
2026-06-09,600519,13:27:42,1254.3700,1,2
2026-06-09,600519,13:27:48,1254.3700,2,1
2026-06-09,600519,13:27:51,1254.3600,5,2
2026-06-09,600519,13:27:54,1254.3700,3,1
2026-06-09,600519,13:27:57,1254.3700,3,2
2026-06-09,600519,13:28:09,1254.3500,10,2
2026-06-09,600519,13:28:12,1254.3600,2,1
2026-06-09,600519,13:28:15,1254.3000,6,2
2026-06-09,600519,13:28:18,1254.2700,2,2
2026-06-09,600519,13:28:21,1254.3400,2,1
2026-06-09,600519,13:28:27,1254.2000,47,2
2026-06-09,600519,13:28:33,1254.2000,6,2
2026-06-09,600519,13:28:36,1254.2000,2,2
2026-06-09,600519,13:28:39,1254.2700,2,1
2026-06-09,600519,13:28:42,1254.3000,2,1
2026-06-09,600519,13:28:45,1254.2700,3,1
2026-06-09,600519,13:28:51,1254.2900,7,1
2026-06-09,600519,13:28:54,1254.3000,5,1
2026-06-09,600519,13:28:57,1254.2600,2,2
2026-06-09,600519,13:29:03,1254.3000,3,1
2026-06-09,600519,13:29:09,1254.2200,2,2
2026-06-09,600519,13:29:12,1254.2500,2,2
2026-06-09,600519,13:29:15,1254.2900,2,1
2026-06-09,600519,13:29:18,1254.2500,2,2
2026-06-09,600519,13:29:21,1254.3000,4,1
2026-06-09,600519,13:29:30,1254.2500,2,2
2026-06-09,600519,13:29:33,1254.2500,2,2
2026-06-09,600519,13:29:36,1254.2500,1,1
2026-06-09,600519,13:29:39,1254.3000,2,1
2026-06-09,600519,13:29:42,1254.2900,5,2
2026-06-09,600519,13:29:45,1254.2100,2,2
2026-06-09,600519,13:29:48,1254.2000,2,2
2026-06-09,600519,13:29:51,1254.2000,1,2
2026-06-09,600519,13:29:54,1254.2000,7,2
2026-06-09,600519,13:29:57,1254.2000,20,2
2026-06-09,600519,13:30:00,1254.2100,6,1
2026-06-09,600519,13:30:03,1254.2100,8,1
2026-06-09,600519,13:30:06,1254.2300,2,2
2026-06-09,600519,13:30:12,1254.2100,3,2
2026-06-09,600519,13:30:15,1254.2000,29,2
2026-06-09,600519,13:30:18,1254.2000,3,2
2026-06-09,600519,13:30:21,1254.2000,4,2
2026-06-09,600519,13:30:24,1254.2000,1,2
2026-06-09,600519,13:30:27,1254.2000,5,2
2026-06-09,600519,13:30:30,1254.2100,4,1
2026-06-09,600519,13:30:33,1254.2100,1,2
2026-06-09,600519,13:30:36,1254.2100,3,2
2026-06-09,600519,13:30:39,1254.2000,42,2
2026-06-09,600519,13:30:42,1254.1600,4,2
2026-06-09,600519,13:30:45,1254.2000,3,1
2026-06-09,600519,13:30:48,1254.2000,3,1
2026-06-09,600519,13:30:54,1254.1100,2,2
2026-06-09,600519,13:30:57,1254.1100,3,2
2026-06-09,600519,13:31:00,1254.1100,2,2
2026-06-09,600519,13:31:03,1254.2000,1,1
2026-06-09,600519,13:31:06,1254.0300,13,2
2026-06-09,600519,13:31:09,1254.0300,1,1
2026-06-09,600519,13:31:12,1254.0100,2,2
2026-06-09,600519,13:31:15,1254.0100,2,2
2026-06-09,600519,13:31:18,1254.0000,1,2
2026-06-09,600519,13:31:21,1254.0400,3,1
2026-06-09,600519,13:31:24,1254.0100,3,4
2026-06-09,600519,13:31:27,1254.0400,2,1
2026-06-09,600519,13:31:30,1254.0000,36,2
2026-06-09,600519,13:31:33,1254.0000,4,1
2026-06-09,600519,13:31:36,1254.0000,2,1
2026-06-09,600519,13:31:39,1253.9900,7,2
2026-06-09,600519,13:31:42,1253.9800,3,1
2026-06-09,600519,13:31:45,1253.9399,2,2
2026-06-09,600519,13:31:48,1253.9900,3,1
2026-06-09,600519,13:31:54,1253.9900,2,1
2026-06-09,600519,13:31:57,1253.9500,5,2
2026-06-09,600519,13:32:00,1253.9100,9,2
2026-06-09,600519,13:32:03,1253.9200,8,2
2026-06-09,600519,13:32:06,1253.9000,7,2
2026-06-09,600519,13:32:09,1253.9100,4,2
2026-06-09,600519,13:32:12,1253.9399,3,1
2026-06-09,600519,13:32:15,1253.9100,2,2
2026-06-09,600519,13:32:18,1253.9100,2,2
2026-06-09,600519,13:32:24,1253.9100,2,1
2026-06-09,600519,13:32:27,1253.8900,3,2
2026-06-09,600519,13:32:30,1253.9000,2,4
2026-06-09,600519,13:32:33,1253.9100,2,1
2026-06-09,600519,13:32:36,1253.9301,3,1
2026-06-09,600519,13:32:39,1253.9100,7,2
2026-06-09,600519,13:32:42,1253.9500,1,1
2026-06-09,600519,13:32:45,1253.9399,2,1
2026-06-09,600519,13:32:48,1253.9500,2,1
2026-06-09,600519,13:32:51,1253.9200,2,2
2026-06-09,600519,13:32:54,1253.9200,2,2
2026-06-09,600519,13:33:00,1253.9500,4,1
2026-06-09,600519,13:33:03,1253.9500,2,1
2026-06-09,600519,13:33:06,1253.9399,4,2
2026-06-09,600519,13:33:09,1253.9200,9,2
2026-06-09,600519,13:33:12,1253.9399,2,2
2026-06-09,600519,13:33:15,1253.9900,17,1
2026-06-09,600519,13:33:18,1253.9500,2,1
2026-06-09,600519,13:33:21,1253.9700,4,1
2026-06-09,600519,13:33:24,1253.9900,1,1
2026-06-09,600519,13:33:27,1254.0100,8,1
2026-06-09,600519,13:33:30,1254.0100,1,1
2026-06-09,600519,13:33:33,1254.0000,1,2
2026-06-09,600519,13:33:36,1254.0000,3,1
2026-06-09,600519,13:33:39,1254.0000,9,1
2026-06-09,600519,13:33:42,1254.0000,5,1
2026-06-09,600519,13:33:45,1253.9900,5,2
2026-06-09,600519,13:33:48,1254.0000,22,1
2026-06-09,600519,13:33:51,1253.9900,3,4
2026-06-09,600519,13:33:54,1254.0000,4,1
2026-06-09,600519,13:33:57,1253.9800,3,2
2026-06-09,600519,13:34:00,1253.9800,8,2
2026-06-09,600519,13:34:03,1254.0000,12,1
2026-06-09,600519,13:34:06,1253.9600,6,2
2026-06-09,600519,13:34:09,1254.0000,14,1
2026-06-09,600519,13:34:12,1253.9900,3,1
2026-06-09,600519,13:34:15,1254.0000,4,1
2026-06-09,600519,13:34:18,1254.0000,8,1
2026-06-09,600519,13:34:21,1254.0000,1,1
2026-06-09,600519,13:34:24,1253.9500,4,2
2026-06-09,600519,13:34:27,1253.9500,2,2
2026-06-09,600519,13:34:30,1254.0000,11,1
2026-06-09,600519,13:34:33,1254.0000,1,1
2026-06-09,600519,13:34:36,1253.9500,6,2
2026-06-09,600519,13:34:39,1253.9500,7,1
2026-06-09,600519,13:34:42,1253.9301,8,2
2026-06-09,600519,13:34:45,1253.9399,8,2
2026-06-09,600519,13:34:48,1254.0000,3,1
2026-06-09,600519,13:34:51,1253.9600,1,1
2026-06-09,600519,13:34:54,1253.9500,2,4
2026-06-09,600519,13:35:00,1253.9600,9,1
2026-06-09,600519,13:35:03,1253.9500,3,2
2026-06-09,600519,13:35:06,1253.9600,2,2
2026-06-09,600519,13:35:09,1253.9399,6,2
2026-06-09,600519,13:35:12,1253.9399,6,1
2026-06-09,600519,13:35:15,1253.9301,1,2
2026-06-09,600519,13:35:18,1253.9200,8,2
2026-06-09,600519,13:35:21,1253.9301,2,2
2026-06-09,600519,13:35:24,1254.0000,5,1
2026-06-09,600519,13:35:27,1254.0000,6,1
2026-06-09,600519,13:35:30,1253.9100,3,2
2026-06-09,600519,13:35:33,1253.9000,12,2
2026-06-09,600519,13:35:36,1253.9000,1,2
2026-06-09,600519,13:35:39,1253.8900,11,2
2026-06-09,600519,13:35:42,1253.8800,7,2
2026-06-09,600519,13:35:45,1253.8800,9,1
2026-06-09,600519,13:35:51,1253.9000,6,1
2026-06-09,600519,13:35:54,1253.8800,2,1
2026-06-09,600519,13:35:57,1253.8000,48,2
2026-06-09,600519,13:36:00,1253.8000,2,2
2026-06-09,600519,13:36:09,1253.8000,8,2
2026-06-09,600519,13:36:12,1253.8900,13,1
2026-06-09,600519,13:36:15,1253.7900,6,2
2026-06-09,600519,13:36:18,1253.7900,9,2
2026-06-09,600519,13:36:21,1253.8000,9,1
2026-06-09,600519,13:36:24,1253.7900,6,2
2026-06-09,600519,13:36:27,1253.7800,5,2
2026-06-09,600519,13:36:30,1253.7800,13,2
2026-06-09,600519,13:36:33,1253.7600,16,2
2026-06-09,600519,13:36:36,1253.7600,7,2
2026-06-09,600519,13:36:39,1253.7500,5,2
2026-06-09,600519,13:36:42,1253.7600,8,1
2026-06-09,600519,13:36:45,1253.7300,8,2
2026-06-09,600519,13:36:48,1253.7300,9,2
2026-06-09,600519,13:36:51,1253.7200,3,2
2026-06-09,600519,13:36:57,1253.7200,2,2
2026-06-09,600519,13:37:00,1253.7500,8,1
2026-06-09,600519,13:37:03,1253.7100,6,2
2026-06-09,600519,13:37:06,1253.7200,5,2
2026-06-09,600519,13:37:09,1253.7100,4,2
2026-06-09,600519,13:37:12,1253.7100,3,2
2026-06-09,600519,13:37:15,1253.7200,5,1
2026-06-09,600519,13:37:18,1253.7100,2,2
2026-06-09,600519,13:37:24,1253.7100,1,2
2026-06-09,600519,13:37:27,1253.7100,1,2
2026-06-09,600519,13:37:30,1253.7700,3,1
2026-06-09,600519,13:37:33,1253.7100,2,2
2026-06-09,600519,13:37:36,1253.7100,4,2
2026-06-09,600519,13:37:42,1253.7400,3,2
2026-06-09,600519,13:37:45,1253.7100,3,2
2026-06-09,600519,13:37:48,1253.7100,3,2
2026-06-09,600519,13:37:51,1253.7400,14,1
2026-06-09,600519,13:37:54,1253.7200,2,2
2026-06-09,600519,13:37:57,1253.8000,8,1
2026-06-09,600519,13:38:03,1253.8000,2,1
2026-06-09,600519,13:38:06,1253.7700,2,2
2026-06-09,600519,13:38:09,1253.7700,4,2
2026-06-09,600519,13:38:12,1253.8000,8,1
2026-06-09,600519,13:38:15,1253.7900,3,1
2026-06-09,600519,13:38:18,1253.7900,2,1
2026-06-09,600519,13:38:21,1253.7900,2,1
2026-06-09,600519,13:38:24,1253.7700,1,2
2026-06-09,600519,13:38:27,1253.8000,10,1
2026-06-09,600519,13:38:30,1253.7900,1,1
2026-06-09,600519,13:38:33,1253.8000,4,1
2026-06-09,600519,13:38:36,1253.7700,8,2
2026-06-09,600519,13:38:39,1253.8000,2,1
2026-06-09,600519,13:38:42,1253.8000,1,1
2026-06-09,600519,13:38:45,1253.8000,11,1
2026-06-09,600519,13:38:48,1253.8300,3,1
2026-06-09,600519,13:38:51,1253.7700,68,2
2026-06-09,600519,13:38:54,1253.7800,2,1
2026-06-09,600519,13:38:57,1253.7800,1,1
2026-06-09,600519,13:39:00,1253.7800,1,1
2026-06-09,600519,13:39:03,1253.7800,3,1
2026-06-09,600519,13:39:09,1253.7900,2,1
2026-06-09,600519,13:39:12,1253.7800,6,2
2026-06-09,600519,13:39:18,1253.8199,2,1
2026-06-09,600519,13:39:24,1253.8101,1,4
2026-06-09,600519,13:39:27,1253.8199,4,1
2026-06-09,600519,13:39:33,1253.8600,1,1
2026-06-09,600519,13:39:36,1253.8000,10,2
2026-06-09,600519,13:39:39,1253.7800,8,2
2026-06-09,600519,13:39:42,1253.8000,2,1
2026-06-09,600519,13:39:45,1253.8000,1,1
2026-06-09,600519,13:39:48,1253.7600,37,2
2026-06-09,600519,13:39:51,1253.7800,2,1
2026-06-09,600519,13:39:54,1253.7800,24,1
2026-06-09,600519,13:39:57,1253.7600,4,1
2026-06-09,600519,13:40:00,1253.7500,1,2
2026-06-09,600519,13:40:03,1253.7200,24,2
2026-06-09,600519,13:40:06,1253.7800,3,1
2026-06-09,600519,13:40:09,1253.7300,8,2
2026-06-09,600519,13:40:12,1253.7900,1,1
2026-06-09,600519,13:40:15,1253.7700,2,2
2026-06-09,600519,13:40:18,1253.7100,191,2
2026-06-09,600519,13:40:21,1253.7100,2,1
2026-06-09,600519,13:40:24,1253.7000,1,2
2026-06-09,600519,13:40:27,1253.7000,12,2
2026-06-09,600519,13:40:30,1253.7100,2,1
2026-06-09,600519,13:40:36,1253.7100,6,1
2026-06-09,600519,13:40:39,1253.7000,2,2
2026-06-09,600519,13:40:42,1253.7000,31,2
2026-06-09,600519,13:40:45,1253.6899,13,2
2026-06-09,600519,13:40:48,1253.7000,3,1
2026-06-09,600519,13:40:51,1253.6801,9,2
2026-06-09,600519,13:40:54,1253.7000,7,1
2026-06-09,600519,13:40:57,1253.6801,3,2
2026-06-09,600519,13:41:00,1253.7000,6,1
2026-06-09,600519,13:41:03,1253.6801,5,2
2026-06-09,600519,13:41:06,1253.6801,5,2
2026-06-09,600519,13:41:09,1253.6801,1,2
2026-06-09,600519,13:41:12,1253.6801,4,2
2026-06-09,600519,13:41:15,1253.7000,8,1
2026-06-09,600519,13:41:18,1253.6801,31,2
2026-06-09,600519,13:41:21,1253.6700,7,2
2026-06-09,600519,13:41:24,1253.6801,2,1
2026-06-09,600519,13:41:27,1253.6100,1,2
2026-06-09,600519,13:41:30,1253.6100,2,2
2026-06-09,600519,13:41:33,1253.6000,4,2
2026-06-09,600519,13:41:36,1253.6000,9,2
2026-06-09,600519,13:41:39,1253.5500,2,2
2026-06-09,600519,13:41:42,1253.5500,5,2
2026-06-09,600519,13:41:45,1253.5900,6,1
2026-06-09,600519,13:41:48,1253.5800,1,1
2026-06-09,600519,13:41:51,1253.5500,1,2
2026-06-09,600519,13:41:54,1253.6000,4,1
2026-06-09,600519,13:41:57,1253.5699,4,1
2026-06-09,600519,13:42:00,1253.5601,5,1
2026-06-09,600519,13:42:03,1253.5500,3,2
2026-06-09,600519,13:42:06,1253.5500,4,2
2026-06-09,600519,13:42:09,1253.5601,2,1
2026-06-09,600519,13:42:12,1253.5400,2,2
2026-06-09,600519,13:42:15,1253.5601,4,1
2026-06-09,600519,13:42:18,1253.5100,2,2
2026-06-09,600519,13:42:21,1253.5000,11,2
2026-06-09,600519,13:42:24,1253.5000,8,2
2026-06-09,600519,13:42:30,1253.5000,3,2
2026-06-09,600519,13:42:33,1253.5100,2,2
2026-06-09,600519,13:42:36,1253.4500,12,2
2026-06-09,600519,13:42:39,1253.4500,2,2
2026-06-09,600519,13:42:42,1253.4500,3,2
2026-06-09,600519,13:42:45,1253.4500,2,2
2026-06-09,600519,13:42:48,1253.4100,1,2
2026-06-09,600519,13:42:51,1253.4100,1,2
2026-06-09,600519,13:42:54,1253.4100,4,1
2026-06-09,600519,13:42:57,1253.4000,1,1
2026-06-09,600519,13:43:00,1253.3700,1,2
2026-06-09,600519,13:43:03,1253.3700,2,2
2026-06-09,600519,13:43:06,1253.3700,14,2
2026-06-09,600519,13:43:09,1253.3500,1,2
2026-06-09,600519,13:43:12,1253.3500,13,2
2026-06-09,600519,13:43:15,1253.3300,5,2
2026-06-09,600519,13:43:18,1253.3400,1,1
2026-06-09,600519,13:43:21,1253.2800,10,2
2026-06-09,600519,13:43:24,1253.3000,1,1
2026-06-09,600519,13:43:27,1253.3300,2,1
2026-06-09,600519,13:43:30,1253.1600,17,2
2026-06-09,600519,13:43:33,1253.2600,3,1
2026-06-09,600519,13:43:39,1253.1500,12,2
2026-06-09,600519,13:43:42,1253.1600,2,2
2026-06-09,600519,13:43:45,1253.1600,3,2
2026-06-09,600519,13:43:48,1253.0100,60,2
2026-06-09,600519,13:43:51,1253.1200,70,1
2026-06-09,600519,13:43:57,1253.0000,8,2
2026-06-09,600519,13:44:00,1253.0601,5,1
2026-06-09,600519,13:44:03,1253.0400,1,1
2026-06-09,600519,13:44:06,1253.0100,5,2
2026-06-09,600519,13:44:09,1253.0100,8,2
2026-06-09,600519,13:44:12,1253.0000,15,2
2026-06-09,600519,13:44:15,1253.0100,5,1
2026-06-09,600519,13:44:18,1253.0100,3,1
2026-06-09,600519,13:44:21,1253.0000,9,2
2026-06-09,600519,13:44:24,1253.0000,7,2
2026-06-09,600519,13:44:27,1253.0100,1,2
2026-06-09,600519,13:44:30,1253.0100,5,2
2026-06-09,600519,13:44:33,1253.0000,12,2
2026-06-09,600519,13:44:39,1253.0100,2,2
2026-06-09,600519,13:44:42,1253.0100,5,2
2026-06-09,600519,13:44:45,1253.0000,9,2
2026-06-09,600519,13:44:48,1253.0100,27,1
2026-06-09,600519,13:44:51,1253.0000,1,2
2026-06-09,600519,13:44:54,1253.0100,3,1
2026-06-09,600519,13:44:57,1253.0000,7,2
2026-06-09,600519,13:45:00,1253.0000,28,2
2026-06-09,600519,13:45:03,1253.0000,7,2
2026-06-09,600519,13:45:06,1253.0000,14,2
2026-06-09,600519,13:45:09,1253.0000,4,2
2026-06-09,600519,13:45:12,1253.0000,2,1
2026-06-09,600519,13:45:15,1253.0000,4,1
2026-06-09,600519,13:45:18,1253.0000,1,1
2026-06-09,600519,13:45:21,1253.0000,2,1
2026-06-09,600519,13:45:24,1252.9900,4,1
2026-06-09,600519,13:45:27,1252.9500,1,1
2026-06-09,600519,13:45:30,1252.9100,4,2
2026-06-09,600519,13:45:33,1252.9500,6,1
2026-06-09,600519,13:45:36,1252.9500,4,2
2026-06-09,600519,13:45:39,1252.9500,3,2
2026-06-09,600519,13:45:42,1252.9500,2,1
2026-06-09,600519,13:45:45,1252.9500,4,1
2026-06-09,600519,13:45:48,1252.9500,58,2
2026-06-09,600519,13:45:51,1252.9000,4,1
2026-06-09,600519,13:45:54,1252.9100,10,1
2026-06-09,600519,13:45:57,1252.8800,7,2
2026-06-09,600519,13:46:00,1252.9000,1,1
2026-06-09,600519,13:46:06,1252.9500,2,1
2026-06-09,600519,13:46:09,1252.9500,5,1
2026-06-09,600519,13:46:12,1252.9900,25,1
2026-06-09,600519,13:46:21,1253.0000,1,2
2026-06-09,600519,13:46:24,1253.4500,2,1
2026-06-09,600519,13:46:27,1253.4399,1,1
2026-06-09,600519,13:46:33,1253.0200,3,2
2026-06-09,600519,13:46:36,1253.0100,2,2
2026-06-09,600519,13:46:39,1253.4500,2,1
2026-06-09,600519,13:46:42,1253.3300,1,1
2026-06-09,600519,13:46:48,1253.4399,5,1
2026-06-09,600519,13:46:51,1253.0300,1,2
2026-06-09,600519,13:46:54,1253.2200,1,1
2026-06-09,600519,13:46:57,1253.2200,7,1
2026-06-09,600519,13:47:00,1253.0300,2,2
2026-06-09,600519,13:47:06,1253.0200,10,2
2026-06-09,600519,13:47:12,1253.2200,1,2
2026-06-09,600519,13:47:15,1253.2200,2,2
2026-06-09,600519,13:47:21,1253.4500,2,1
2026-06-09,600519,13:47:24,1253.2200,3,2
2026-06-09,600519,13:47:27,1253.4500,1,1
2026-06-09,600519,13:47:30,1253.4500,3,1
2026-06-09,600519,13:47:33,1253.4301,1,2
2026-06-09,600519,13:47:39,1253.4301,4,2
2026-06-09,600519,13:47:45,1253.4399,1,4
2026-06-09,600519,13:47:51,1253.4399,2,1
2026-06-09,600519,13:47:57,1253.5100,8,1
2026-06-09,600519,13:48:00,1253.5300,3,1
2026-06-09,600519,13:48:03,1253.5601,2,1
2026-06-09,600519,13:48:06,1253.5800,4,1
2026-06-09,600519,13:48:09,1253.5601,3,2
2026-06-09,600519,13:48:12,1253.5601,1,2
2026-06-09,600519,13:48:15,1253.5699,1,4
2026-06-09,600519,13:48:18,1253.5699,5,2
2026-06-09,600519,13:48:21,1253.7300,2,1
2026-06-09,600519,13:48:24,1253.6000,3,2
2026-06-09,600519,13:48:27,1254.0000,1,1
2026-06-09,600519,13:48:30,1254.0000,2,2
2026-06-09,600519,13:48:33,1254.0400,3,1
2026-06-09,600519,13:48:36,1254.3500,14,1
2026-06-09,600519,13:48:39,1254.3500,14,1
2026-06-09,600519,13:48:42,1254.3500,1,1
2026-06-09,600519,13:48:51,1254.0500,20,2
2026-06-09,600519,13:48:54,1254.3600,1,1
2026-06-09,600519,13:49:00,1254.3700,6,1
2026-06-09,600519,13:49:03,1254.3700,1,1
2026-06-09,600519,13:49:06,1254.3700,1,2
2026-06-09,600519,13:49:15,1254.4900,1,1
2026-06-09,600519,13:49:18,1254.5000,3,1
2026-06-09,600519,13:49:21,1254.4900,1,2
2026-06-09,600519,13:49:27,1254.6200,1,2
2026-06-09,600519,13:49:30,1254.6200,1,4
2026-06-09,600519,13:49:36,1254.6899,2,1
2026-06-09,600519,13:49:39,1254.6899,2,2
2026-06-09,600519,13:49:48,1254.7000,2,2
2026-06-09,600519,13:49:51,1254.7000,4,2
2026-06-09,600519,13:49:54,1254.9301,4,1
2026-06-09,600519,13:49:57,1254.9399,2,1
2026-06-09,600519,13:50:00,1254.9399,5,2
2026-06-09,600519,13:50:03,1254.9399,1,1
2026-06-09,600519,13:50:06,1254.9301,1,2
2026-06-09,600519,13:50:09,1254.9301,17,2
2026-06-09,600519,13:50:12,1254.9200,4,2
2026-06-09,600519,13:50:18,1254.6600,7,2
2026-06-09,600519,13:50:21,1254.9100,4,1
2026-06-09,600519,13:50:24,1254.6600,1,2
2026-06-09,600519,13:50:27,1254.6400,6,2
2026-06-09,600519,13:50:30,1254.6300,4,2
2026-06-09,600519,13:50:33,1254.6200,5,1
2026-06-09,600519,13:50:36,1254.6100,8,1
2026-06-09,600519,13:50:39,1254.6200,1,1
2026-06-09,600519,13:50:45,1254.4500,6,2
2026-06-09,600519,13:50:51,1254.3700,2,2
2026-06-09,600519,13:50:54,1254.4200,3,2
2026-06-09,600519,13:51:00,1254.4399,2,1
2026-06-09,600519,13:51:03,1254.4200,1,1
2026-06-09,600519,13:51:06,1254.3700,2,2
2026-06-09,600519,13:51:09,1254.3700,8,2
2026-06-09,600519,13:51:12,1254.4600,1,1
2026-06-09,600519,13:51:15,1254.3700,3,2
2026-06-09,600519,13:51:18,1254.3700,2,2
2026-06-09,600519,13:51:21,1254.3700,2,1
2026-06-09,600519,13:51:24,1254.4301,2,2
2026-06-09,600519,13:51:36,1254.4100,1,2
2026-06-09,600519,13:51:42,1254.4100,2,2
2026-06-09,600519,13:51:45,1254.3500,14,2
2026-06-09,600519,13:51:48,1254.3400,1,1
2026-06-09,600519,13:51:51,1254.3500,1,1
2026-06-09,600519,13:51:54,1254.3500,3,1
2026-06-09,600519,13:51:57,1254.2600,1,2
2026-06-09,600519,13:52:00,1254.2000,4,2
2026-06-09,600519,13:52:03,1254.3500,1,1
2026-06-09,600519,13:52:06,1254.2000,1,2
2026-06-09,600519,13:52:09,1254.2000,4,2
2026-06-09,600519,13:52:12,1254.2800,1,1
2026-06-09,600519,13:52:15,1254.1600,9,2
2026-06-09,600519,13:52:21,1254.3400,1,1
2026-06-09,600519,13:52:24,1254.3400,2,4
2026-06-09,600519,13:52:27,1254.3500,27,1
2026-06-09,600519,13:52:30,1254.2900,11,2
2026-06-09,600519,13:52:33,1254.3300,3,1
2026-06-09,600519,13:52:36,1254.2000,6,2
2026-06-09,600519,13:52:39,1254.1600,7,2
2026-06-09,600519,13:52:42,1254.3101,1,1
2026-06-09,600519,13:52:45,1254.1600,2,2
2026-06-09,600519,13:52:51,1254.3300,1,1
2026-06-09,600519,13:52:54,1254.3101,4,2
2026-06-09,600519,13:52:57,1254.1600,2,2
2026-06-09,600519,13:53:03,1254.1600,3,2
2026-06-09,600519,13:53:06,1254.1600,2,1
2026-06-09,600519,13:53:09,1254.0400,6,2
2026-06-09,600519,13:53:12,1254.1500,1,1
2026-06-09,600519,13:53:15,1254.0100,5,2
2026-06-09,600519,13:53:18,1254.0100,3,1
2026-06-09,600519,13:53:21,1254.0100,1,1
2026-06-09,600519,13:53:24,1254.0000,8,2
2026-06-09,600519,13:53:27,1254.0100,3,1
2026-06-09,600519,13:53:30,1254.0000,1,2
2026-06-09,600519,13:53:33,1254.0000,1,2
2026-06-09,600519,13:53:36,1254.0100,7,1
2026-06-09,600519,13:53:39,1253.9100,2,2
2026-06-09,600519,13:53:45,1254.0000,2,1
2026-06-09,600519,13:53:48,1254.0100,1,1
2026-06-09,600519,13:53:51,1254.0100,3,1
2026-06-09,600519,13:53:54,1254.0000,2,1
2026-06-09,600519,13:53:57,1254.0100,3,1
2026-06-09,600519,13:54:00,1254.0000,3,2
2026-06-09,600519,13:54:03,1253.9600,6,2
2026-06-09,600519,13:54:09,1254.0000,1,1
2026-06-09,600519,13:54:15,1253.8800,12,2
2026-06-09,600519,13:54:21,1254.1500,2,1
2026-06-09,600519,13:54:24,1253.8800,2,2
2026-06-09,600519,13:54:30,1253.9900,3,1
2026-06-09,600519,13:54:36,1253.8900,2,2
2026-06-09,600519,13:54:45,1254.1100,3,1
2026-06-09,600519,13:54:48,1254.1400,3,1
2026-06-09,600519,13:54:51,1254.1400,1,2
2026-06-09,600519,13:54:54,1254.1100,2,2
2026-06-09,600519,13:54:57,1254.1100,2,2
2026-06-09,600519,13:55:06,1254.1500,2,1
2026-06-09,600519,13:55:09,1254.0200,2,2
2026-06-09,600519,13:55:12,1254.1400,1,1
2026-06-09,600519,13:55:15,1254.0200,2,2
2026-06-09,600519,13:55:18,1254.0200,2,2
2026-06-09,600519,13:55:21,1254.0200,3,2
2026-06-09,600519,13:55:24,1254.1300,1,1
2026-06-09,600519,13:55:27,1254.1400,3,1
2026-06-09,600519,13:55:30,1254.1000,2,2
2026-06-09,600519,13:55:36,1254.1500,1,1
2026-06-09,600519,13:55:39,1254.1500,1,2
2026-06-09,600519,13:55:42,1254.1500,4,2
2026-06-09,600519,13:55:45,1254.1500,1,2
2026-06-09,600519,13:55:48,1254.1600,3,1
2026-06-09,600519,13:55:51,1254.1500,3,2
2026-06-09,600519,13:55:54,1254.1000,4,2
2026-06-09,600519,13:55:57,1254.1600,1,1
2026-06-09,600519,13:56:00,1254.1600,2,1
2026-06-09,600519,13:56:03,1254.1600,1,1
2026-06-09,600519,13:56:06,1254.1600,2,1
2026-06-09,600519,13:56:09,1254.1500,6,2
2026-06-09,600519,13:56:12,1254.0500,13,2
2026-06-09,600519,13:56:15,1254.0000,5,2
2026-06-09,600519,13:56:18,1254.0000,1,2
2026-06-09,600519,13:56:21,1254.0000,2,2
2026-06-09,600519,13:56:27,1254.0000,1,1
2026-06-09,600519,13:56:30,1253.9900,2,2
2026-06-09,600519,13:56:36,1253.9900,3,2
2026-06-09,600519,13:56:39,1253.9900,1,2
2026-06-09,600519,13:56:42,1253.9900,3,2
2026-06-09,600519,13:56:45,1254.0000,2,1
2026-06-09,600519,13:56:48,1253.9900,4,2
2026-06-09,600519,13:56:51,1254.0000,8,1
2026-06-09,600519,13:56:54,1254.0000,4,2
2026-06-09,600519,13:56:57,1254.0000,4,2
2026-06-09,600519,13:57:00,1254.0200,1,2
2026-06-09,600519,13:57:03,1254.0200,1,2
2026-06-09,600519,13:57:06,1254.0100,1,2
2026-06-09,600519,13:57:09,1254.0200,1,2
2026-06-09,600519,13:57:12,1254.0300,1,2
2026-06-09,600519,13:57:15,1254.0200,1,2
2026-06-09,600519,13:57:18,1254.0200,2,2
2026-06-09,600519,13:57:24,1254.1300,2,1
2026-06-09,600519,13:57:30,1254.0200,2,2
2026-06-09,600519,13:57:39,1254.0200,1,2
2026-06-09,600519,13:57:42,1254.1200,3,1
2026-06-09,600519,13:57:45,1254.0200,3,2
2026-06-09,600519,13:57:48,1254.1400,4,1
2026-06-09,600519,13:57:51,1254.1300,1,2
2026-06-09,600519,13:58:03,1254.1500,3,1
2026-06-09,600519,13:58:09,1254.1300,4,2
2026-06-09,600519,13:58:12,1254.1500,1,1
2026-06-09,600519,13:58:15,1254.1500,3,1
2026-06-09,600519,13:58:18,1254.1500,3,1
2026-06-09,600519,13:58:21,1254.1400,2,4
2026-06-09,600519,13:58:24,1254.1500,8,1
2026-06-09,600519,13:58:27,1254.1500,4,1
2026-06-09,600519,13:58:33,1254.1500,3,2
2026-06-09,600519,13:58:36,1254.1600,3,1
2026-06-09,600519,13:58:39,1254.1500,6,2
2026-06-09,600519,13:58:42,1254.1400,2,2
2026-06-09,600519,13:58:45,1254.1600,1,2
2026-06-09,600519,13:58:51,1254.1500,2,2
2026-06-09,600519,13:58:54,1254.1300,8,2
2026-06-09,600519,13:59:00,1254.1700,2,1
2026-06-09,600519,13:59:03,1254.1600,3,2
2026-06-09,600519,13:59:06,1254.1600,3,2
2026-06-09,600519,13:59:09,1254.1700,2,1
2026-06-09,600519,13:59:12,1254.1600,1,2
2026-06-09,600519,13:59:18,1254.1801,2,2
2026-06-09,600519,13:59:21,1254.2300,4,1
2026-06-09,600519,13:59:24,1254.1700,1,2
2026-06-09,600519,13:59:33,1254.1801,5,2
2026-06-09,600519,13:59:39,1254.2400,1,1
2026-06-09,600519,13:59:48,1254.1700,11,2
2026-06-09,600519,13:59:51,1254.1700,2,2
2026-06-09,600519,10:28:27,1258.9900,3,1
2026-06-09,600519,10:28:30,1258.9600,10,2
2026-06-09,600519,10:28:36,1258.9000,5,2
2026-06-09,600519,10:28:42,1258.3000,5,2
2026-06-09,600519,10:28:45,1258.9500,1,1
2026-06-09,600519,10:29:00,1258.3400,5,2
2026-06-09,600519,10:29:03,1258.9200,4,1
2026-06-09,600519,10:29:06,1258.9500,2,1
2026-06-09,600519,10:29:12,1258.6200,1,2
2026-06-09,600519,10:29:15,1258.6200,2,2
2026-06-09,600519,10:29:18,1258.6600,2,1
2026-06-09,600519,10:29:21,1258.5500,1,2
2026-06-09,600519,10:29:24,1258.5400,1,1
2026-06-09,600519,10:29:27,1258.5500,16,1
2026-06-09,600519,10:29:30,1258.6801,4,1
2026-06-09,600519,10:29:33,1258.9399,6,1
2026-06-09,600519,10:29:36,1258.9301,3,1
2026-06-09,600519,10:29:42,1258.5500,3,2
2026-06-09,600519,10:29:51,1258.5500,3,2
2026-06-09,600519,10:30:00,1258.5601,2,2
2026-06-09,600519,10:30:03,1258.8800,2,1
2026-06-09,600519,10:30:12,1258.5400,5,2
2026-06-09,600519,10:30:15,1258.8900,1,1
2026-06-09,600519,10:30:18,1258.5500,5,2
2026-06-09,600519,10:30:21,1258.5601,2,2
2026-06-09,600519,10:30:24,1258.8900,5,1
2026-06-09,600519,10:30:27,1259.1100,12,1
2026-06-09,600519,10:30:30,1259.5200,1,1
2026-06-09,600519,10:30:33,1259.6000,5,2
2026-06-09,600519,10:30:36,1259.4900,4,2
2026-06-09,600519,10:30:39,1259.6500,5,2
2026-06-09,600519,10:30:42,1259.7800,1,1
2026-06-09,600519,10:30:45,1259.7800,1,1
2026-06-09,600519,10:30:48,1259.6500,2,2
2026-06-09,600519,10:30:51,1259.6500,1,2
2026-06-09,600519,10:30:54,1259.0000,5,2
2026-06-09,600519,10:30:57,1259.0000,11,1
2026-06-09,600519,10:31:12,1259.5601,7,1
2026-06-09,600519,10:31:15,1259.5000,2,2
2026-06-09,600519,10:31:18,1259.4399,1,1
2026-06-09,600519,10:31:21,1259.2000,2,2
2026-06-09,600519,10:31:24,1259.5100,2,1
2026-06-09,600519,10:31:27,1259.0000,8,2
2026-06-09,600519,10:31:30,1258.9900,2,1
2026-06-09,600519,10:31:33,1259.3199,1,1
2026-06-09,600519,10:31:36,1259.4500,3,1
2026-06-09,600519,10:31:39,1258.9000,1,2
2026-06-09,600519,10:31:42,1258.9000,1,1
2026-06-09,600519,10:31:48,1259.4900,1,1
2026-06-09,600519,10:31:54,1259.4900,1,1
2026-06-09,600519,10:31:57,1259.4800,1,1
2026-06-09,600519,10:32:03,1259.0000,4,2
2026-06-09,600519,10:32:06,1258.9900,10,2
2026-06-09,600519,10:32:09,1259.4500,3,1
2026-06-09,600519,10:32:15,1259.4500,4,1
2026-06-09,600519,10:32:18,1259.0200,1,2
2026-06-09,600519,10:32:21,1259.5100,3,1
2026-06-09,600519,10:32:24,1259.8400,31,1
2026-06-09,600519,10:32:27,1259.9700,5,1
2026-06-09,600519,10:32:30,1259.8500,9,2
2026-06-09,600519,10:32:33,1259.8400,1,2
2026-06-09,600519,10:32:39,1259.9900,16,1
2026-06-09,600519,10:32:42,1259.8300,2,2
2026-06-09,600519,10:32:45,1259.8400,1,2
2026-06-09,600519,10:32:48,1260.0000,4,1
2026-06-09,600519,10:32:51,1260.0000,4,1
2026-06-09,600519,10:33:00,1260.3000,3,1
2026-06-09,600519,10:33:03,1260.3101,2,2
2026-06-09,600519,10:33:06,1260.3000,3,2
2026-06-09,600519,10:33:09,1260.3900,3,1
2026-06-09,600519,10:33:15,1260.4000,1,1
2026-06-09,600519,10:33:18,1260.4000,5,2
2026-06-09,600519,10:33:21,1260.5000,4,1
2026-06-09,600519,10:33:24,1260.4000,2,2
2026-06-09,600519,10:33:27,1260.6500,5,1
2026-06-09,600519,10:33:30,1260.6600,2,1
2026-06-09,600519,10:33:33,1260.5100,1,2
2026-06-09,600519,10:33:36,1260.6700,1,1
2026-06-09,600519,10:33:39,1260.3900,5,2
2026-06-09,600519,10:33:42,1260.6500,4,1
2026-06-09,600519,10:33:45,1260.6600,1,1
2026-06-09,600519,10:33:48,1260.8400,2,1
2026-06-09,600519,10:33:54,1260.6600,1,1
2026-06-09,600519,10:33:57,1260.3900,1,2
2026-06-09,600519,10:34:03,1260.3101,1,2
2026-06-09,600519,10:34:06,1260.3000,5,2
2026-06-09,600519,10:34:09,1260.3199,6,1
2026-06-09,600519,10:34:12,1260.2700,2,2
2026-06-09,600519,10:34:15,1260.3101,7,1
2026-06-09,600519,10:34:18,1260.3400,2,1
2026-06-09,600519,10:34:24,1260.3400,7,1
2026-06-09,600519,10:34:27,1260.3400,2,1
2026-06-09,600519,10:34:33,1259.6500,2,2
2026-06-09,600519,10:34:36,1260.2000,6,1
2026-06-09,600519,10:34:39,1259.6000,1,2
2026-06-09,600519,10:34:42,1260.2000,1,1
2026-06-09,600519,10:34:45,1259.5800,3,2
2026-06-09,600519,10:34:51,1260.1899,5,1
2026-06-09,600519,10:34:54,1259.5601,13,2
2026-06-09,600519,10:34:57,1259.5200,8,2
2026-06-09,600519,10:35:00,1259.5000,1,2
2026-06-09,600519,10:35:03,1259.5601,6,1
2026-06-09,600519,10:35:06,1259.3900,2,2
2026-06-09,600519,10:35:09,1259.2900,1,2
2026-06-09,600519,10:35:12,1259.3800,2,1
2026-06-09,600519,10:35:15,1259.3199,2,2
2026-06-09,600519,10:35:18,1259.3700,1,1
2026-06-09,600519,10:35:27,1259.3101,1,1
2026-06-09,600519,10:35:30,1259.3101,1,2
2026-06-09,600519,10:35:33,1259.2300,2,2
2026-06-09,600519,10:35:36,1259.2300,1,2
2026-06-09,600519,10:35:39,1259.2300,7,2
2026-06-09,600519,10:35:42,1259.3101,1,1
2026-06-09,600519,10:35:45,1259.3101,3,1
2026-06-09,600519,10:35:48,1259.3101,1,1
2026-06-09,600519,10:35:51,1259.1700,1,2
2026-06-09,600519,10:35:54,1259.3101,4,1
2026-06-09,600519,10:35:57,1259.3101,1,1
2026-06-09,600519,10:36:00,1259.3800,11,1
2026-06-09,600519,10:36:03,1259.3700,1,1
2026-06-09,600519,10:36:06,1259.2000,3,2
2026-06-09,600519,10:36:09,1259.2000,3,2
2026-06-09,600519,10:36:12,1259.5400,5,1
2026-06-09,600519,10:36:15,1259.8700,1,1
2026-06-09,600519,10:36:21,1259.8800,1,1
2026-06-09,600519,10:36:24,1259.8900,4,2
2026-06-09,600519,10:36:27,1259.8900,5,2
2026-06-09,600519,10:36:30,1260.3300,5,1
2026-06-09,600519,10:36:33,1260.0000,2,2
2026-06-09,600519,10:36:39,1260.0000,3,2
2026-06-09,600519,10:36:45,1260.0000,3,1
2026-06-09,600519,10:36:48,1260.0000,2,2
2026-06-09,600519,10:36:51,1260.0000,3,2
2026-06-09,600519,10:36:57,1259.9399,3,2
2026-06-09,600519,10:37:00,1260.0000,4,2
2026-06-09,600519,10:37:03,1259.9200,2,2
2026-06-09,600519,10:37:06,1260.2600,2,1
2026-06-09,600519,10:37:09,1259.9000,7,2
2026-06-09,600519,10:37:12,1260.0000,2,1
2026-06-09,600519,10:37:18,1260.0000,3,1
2026-06-09,600519,10:37:24,1259.9301,1,2
2026-06-09,600519,10:37:36,1259.9000,1,2
2026-06-09,600519,10:37:45,1259.9600,2,1
2026-06-09,600519,10:37:48,1259.8900,3,2
2026-06-09,600519,10:37:51,1259.9800,22,1
2026-06-09,600519,10:37:54,1259.8700,1,1
2026-06-09,600519,10:37:57,1259.8700,2,1
2026-06-09,600519,10:38:00,1259.8700,1,1
2026-06-09,600519,10:38:03,1259.8700,1,1
2026-06-09,600519,10:38:06,1259.8700,2,1
2026-06-09,600519,10:38:09,1259.8700,1,1
2026-06-09,600519,10:38:12,1259.2000,1,2
2026-06-09,600519,10:38:21,1259.2000,2,2
2026-06-09,600519,10:38:24,1259.2000,1,2
2026-06-09,600519,10:38:27,1259.1899,2,1
2026-06-09,600519,10:38:30,1259.1899,1,1
2026-06-09,600519,10:38:33,1259.2000,1,1
2026-06-09,600519,10:38:36,1259.2000,1,1
2026-06-09,600519,10:38:39,1259.3600,3,1
2026-06-09,600519,10:38:42,1259.2000,1,2
2026-06-09,600519,10:38:45,1259.2100,3,2
2026-06-09,600519,10:38:51,1259.8000,2,1
2026-06-09,600519,10:38:57,1259.7900,4,1
2026-06-09,600519,10:39:00,1259.8000,3,2
2026-06-09,600519,10:39:03,1259.8000,1,1
2026-06-09,600519,10:39:06,1259.7400,4,2
2026-06-09,600519,10:39:09,1259.8199,1,1
2026-06-09,600519,10:39:18,1259.8199,4,1
2026-06-09,600519,10:39:24,1259.7500,1,2
2026-06-09,600519,10:39:27,1259.6899,6,2
2026-06-09,600519,10:39:30,1259.7500,6,1
2026-06-09,600519,10:39:39,1259.7400,5,1
2026-06-09,600519,10:39:42,1259.7400,2,1
2026-06-09,600519,10:39:45,1259.6899,2,2
2026-06-09,600519,10:39:48,1259.6400,3,2
2026-06-09,600519,10:39:51,1259.2000,1,2
2026-06-09,600519,10:39:54,1259.6400,2,1
2026-06-09,600519,10:40:00,1259.2000,2,2
2026-06-09,600519,10:40:03,1259.2000,2,1
2026-06-09,600519,10:40:06,1259.1300,3,2
2026-06-09,600519,10:40:09,1259.2000,1,1
2026-06-09,600519,10:40:12,1259.1899,4,1
2026-06-09,600519,10:40:15,1259.1500,1,2
2026-06-09,600519,10:40:18,1259.1400,2,2
2026-06-09,600519,10:40:24,1259.1400,2,1
2026-06-09,600519,10:40:27,1259.1400,1,1
2026-06-09,600519,10:40:30,1259.1300,1,1
2026-06-09,600519,10:40:33,1259.1000,4,2
2026-06-09,600519,10:40:36,1259.1000,3,2
2026-06-09,600519,10:40:42,1259.1300,1,2
2026-06-09,600519,10:40:45,1259.0601,4,2
2026-06-09,600519,10:40:48,1259.0000,16,2
2026-06-09,600519,10:40:51,1259.0000,4,2
2026-06-09,600519,10:40:57,1258.9000,3,2
2026-06-09,600519,10:41:00,1258.8400,5,2
2026-06-09,600519,10:41:03,1258.7500,5,2
2026-06-09,600519,10:41:06,1258.5800,9,2
2026-06-09,600519,10:41:09,1258.5500,4,2
2026-06-09,600519,10:41:12,1258.5200,4,2
2026-06-09,600519,10:41:15,1258.3500,11,2
2026-06-09,600519,10:41:18,1258.2900,1,2
2026-06-09,600519,10:41:21,1258.1600,9,2
2026-06-09,600519,10:41:24,1258.0000,16,2
2026-06-09,600519,10:41:27,1258.0000,2,2
2026-06-09,600519,10:41:30,1258.0000,2,2
2026-06-09,600519,10:41:33,1258.0000,13,2
2026-06-09,600519,10:41:36,1258.1200,1,1
2026-06-09,600519,10:41:39,1258.1200,2,1
2026-06-09,600519,10:41:42,1258.0000,5,2
2026-06-09,600519,10:41:45,1258.0000,2,2
2026-06-09,600519,10:41:48,1257.9301,4,2
2026-06-09,600519,10:42:00,1257.8199,2,2
2026-06-09,600519,10:42:03,1257.8800,1,1
2026-06-09,600519,10:42:09,1257.8800,1,1
2026-06-09,600519,10:42:18,1257.8800,2,1
2026-06-09,600519,10:42:21,1257.8800,1,2
2026-06-09,600519,10:42:30,1257.9000,1,2
2026-06-09,600519,10:42:42,1257.9000,1,1
2026-06-09,600519,10:42:45,1257.9000,2,1
2026-06-09,600519,10:42:48,1257.9800,3,1
2026-06-09,600519,10:42:51,1257.9000,6,2
2026-06-09,600519,10:42:54,1257.9000,2,2
2026-06-09,600519,10:42:57,1257.9100,1,2
2026-06-09,600519,10:43:00,1257.9800,1,1
2026-06-09,600519,10:43:03,1257.9900,2,1
2026-06-09,600519,10:43:06,1257.9100,1,2
2026-06-09,600519,10:43:09,1258.0000,7,1
2026-06-09,600519,10:43:12,1258.0000,1,1
2026-06-09,600519,10:43:15,1258.0601,2,2
2026-06-09,600519,10:43:18,1258.0601,3,2
2026-06-09,600519,10:43:21,1258.0601,3,2
2026-06-09,600519,10:43:24,1257.9900,6,2
2026-06-09,600519,10:43:30,1257.9700,8,2
2026-06-09,600519,10:43:33,1258.1801,4,1
2026-06-09,600519,10:43:39,1258.3000,1,1
2026-06-09,600519,10:43:42,1258.4100,1,1
2026-06-09,600519,10:43:48,1258.1400,4,2
2026-06-09,600519,10:43:51,1258.1500,7,2
2026-06-09,600519,10:43:54,1258.7500,1,1
2026-06-09,600519,10:44:00,1258.9000,2,1
2026-06-09,600519,10:44:03,1258.9100,3,1
2026-06-09,600519,10:44:06,1258.8900,6,1
2026-06-09,600519,10:44:09,1258.8101,2,1
2026-06-09,600519,10:44:12,1258.0800,2,2
2026-06-09,600519,10:44:15,1258.0400,7,2
2026-06-09,600519,10:44:18,1257.8000,15,2
2026-06-09,600519,10:44:24,1257.7000,6,2
2026-06-09,600519,10:44:27,1257.8000,1,2
2026-06-09,600519,10:44:33,1257.7000,2,2
2026-06-09,600519,10:44:36,1257.6801,5,2
2026-06-09,600519,10:44:39,1257.7000,3,1
2026-06-09,600519,10:44:42,1257.6400,2,2
2026-06-09,600519,10:44:51,1257.1000,20,2
2026-06-09,600519,10:44:54,1257.1000,1,2
2026-06-09,600519,10:45:00,1257.6801,2,2
2026-06-09,600519,10:45:03,1257.0500,1,2
2026-06-09,600519,10:45:06,1257.0601,3,2
2026-06-09,600519,10:45:09,1257.6899,1,1
2026-06-09,600519,10:45:12,1257.7000,2,1
2026-06-09,600519,10:45:15,1257.2000,4,2
2026-06-09,600519,10:45:21,1257.2000,2,2
2026-06-09,600519,10:45:27,1257.1000,4,2
2026-06-09,600519,10:45:30,1257.0699,1,2
2026-06-09,600519,10:45:33,1257.0699,1,2
2026-06-09,600519,10:45:36,1257.0601,1,2
2026-06-09,600519,10:45:39,1257.0601,5,2
2026-06-09,600519,10:45:42,1257.0601,1,2
2026-06-09,600519,10:45:45,1257.0601,3,1
2026-06-09,600519,10:45:48,1257.0500,2,2
2026-06-09,600519,10:46:00,1257.1801,3,1
2026-06-09,600519,10:46:03,1257.0900,1,2
2026-06-09,600519,10:46:06,1257.0800,1,2
2026-06-09,600519,10:46:09,1257.0800,1,2
2026-06-09,600519,10:46:12,1257.0699,6,2
2026-06-09,600519,10:46:15,1257.2000,8,1
2026-06-09,600519,10:46:18,1257.1500,3,2
2026-06-09,600519,10:46:24,1257.1500,1,2
2026-06-09,600519,10:46:27,1257.1899,7,1
2026-06-09,600519,10:46:30,1257.2000,3,1
2026-06-09,600519,10:46:33,1257.2000,1,2
2026-06-09,600519,10:46:36,1257.7000,1,1
2026-06-09,600519,10:46:39,1257.7000,4,1
2026-06-09,600519,10:46:42,1257.2700,3,2
2026-06-09,600519,10:46:45,1257.2700,1,2
2026-06-09,600519,10:46:48,1257.2100,1,2
2026-06-09,600519,10:46:51,1257.2200,1,2
2026-06-09,600519,10:47:03,1257.2400,1,1
2026-06-09,600519,10:47:06,1257.2100,3,2
2026-06-09,600519,10:47:09,1257.2000,2,2
2026-06-09,600519,10:47:12,1257.2000,1,2
2026-06-09,600519,10:47:15,1257.2100,1,4
2026-06-09,600519,10:47:18,1257.2000,2,2
2026-06-09,600519,10:47:21,1257.2000,1,2
2026-06-09,600519,10:47:24,1257.2000,2,1
2026-06-09,600519,10:47:27,1257.1500,4,2
2026-06-09,600519,10:47:30,1257.2700,1,1
2026-06-09,600519,10:47:33,1257.2000,1,1
2026-06-09,600519,10:47:36,1257.2000,2,1
2026-06-09,600519,10:47:42,1257.2700,2,1
2026-06-09,600519,10:47:45,1257.1801,2,2
2026-06-09,600519,10:47:54,1257.2600,2,1
2026-06-09,600519,10:47:57,1257.2000,1,2
2026-06-09,600519,10:48:00,1257.2700,2,1
2026-06-09,600519,10:48:03,1257.2700,1,1
2026-06-09,600519,10:48:21,1257.7000,4,1
2026-06-09,600519,10:48:24,1257.6801,3,1
2026-06-09,600519,10:48:27,1257.7000,6,1
2026-06-09,600519,10:48:33,1257.7000,2,1
2026-06-09,600519,10:48:36,1257.7000,7,1
2026-06-09,600519,10:48:39,1257.7000,3,1
2026-06-09,600519,10:48:42,1257.6899,5,4
2026-06-09,600519,10:48:45,1257.6801,4,2
2026-06-09,600519,10:48:51,1257.6801,3,2
2026-06-09,600519,10:48:54,1257.4900,6,2
2026-06-09,600519,10:48:57,1257.6899,1,1
2026-06-09,600519,10:49:00,1257.6899,5,1
2026-06-09,600519,10:49:06,1257.7000,4,1
2026-06-09,600519,10:49:09,1257.6899,3,2
2026-06-09,600519,10:49:12,1257.7000,11,1
2026-06-09,600519,10:49:18,1257.7000,1,1
2026-06-09,600519,10:49:21,1257.6899,1,2
2026-06-09,600519,10:49:24,1257.7000,1,1
2026-06-09,600519,10:49:27,1257.7000,3,1
2026-06-09,600519,10:49:30,1257.7000,4,2
2026-06-09,600519,10:49:36,1257.6000,1,2
2026-06-09,600519,10:49:39,1257.6000,1,1
2026-06-09,600519,10:49:45,1257.5800,1,2
2026-06-09,600519,10:49:48,1257.5000,7,2
2026-06-09,600519,10:49:51,1257.5800,3,1
2026-06-09,600519,10:50:03,1257.2900,3,2
2026-06-09,600519,10:50:06,1257.2600,5,2
2026-06-09,600519,10:50:09,1257.2200,3,2
2026-06-09,600519,10:50:18,1257.1899,4,2
2026-06-09,600519,10:50:21,1257.2000,1,1
2026-06-09,600519,10:50:24,1257.2800,3,1
2026-06-09,600519,10:50:27,1257.2800,3,1
2026-06-09,600519,10:50:30,1257.1899,4,2
2026-06-09,600519,10:50:33,1257.2800,3,1
2026-06-09,600519,10:50:36,1257.1500,1,2
2026-06-09,600519,10:50:39,1257.0000,82,2
2026-06-09,600519,10:50:42,1257.0000,7,1
2026-06-09,600519,10:50:45,1257.0000,2,1
2026-06-09,600519,10:50:51,1256.8900,1,2
2026-06-09,600519,10:50:54,1257.2800,17,1
2026-06-09,600519,10:50:57,1256.9900,5,2
2026-06-09,600519,10:51:00,1256.8900,1,2
2026-06-09,600519,10:51:03,1257.2700,1,1
2026-06-09,600519,10:51:15,1257.2800,1,1
2026-06-09,600519,10:51:18,1256.9900,4,2
2026-06-09,600519,10:51:21,1257.2600,5,1
2026-06-09,600519,10:51:27,1257.0000,1,2
2026-06-09,600519,10:51:30,1257.0000,1,2
2026-06-09,600519,10:51:45,1257.2300,1,1
2026-06-09,600519,10:51:48,1257.0000,1,2
2026-06-09,600519,10:51:51,1257.0000,2,2
2026-06-09,600519,10:51:54,1257.0000,2,1
2026-06-09,600519,10:51:57,1257.0000,3,1
2026-06-09,600519,10:52:00,1257.0000,5,1
2026-06-09,600519,10:52:03,1257.0000,3,1
2026-06-09,600519,10:52:06,1256.9399,1,2
2026-06-09,600519,10:52:09,1256.9500,1,2
2026-06-09,600519,10:52:12,1257.2400,4,1
2026-06-09,600519,10:52:15,1256.9500,4,2
2026-06-09,600519,10:52:18,1256.9399,1,2
2026-06-09,600519,10:52:21,1257.2700,6,1
2026-06-09,600519,10:52:24,1257.1801,2,2
2026-06-09,600519,10:52:27,1257.2400,3,1
2026-06-09,600519,10:52:30,1257.1899,2,2
2026-06-09,600519,10:52:39,1257.1899,3,2
2026-06-09,600519,10:52:42,1257.1899,1,2
2026-06-09,600519,10:52:45,1257.1801,1,2
2026-06-09,600519,10:52:48,1257.0900,3,2
2026-06-09,600519,10:52:57,1257.1801,4,1
2026-06-09,600519,10:53:03,1257.1700,1,4
2026-06-09,600519,10:53:09,1257.1801,5,1
2026-06-09,600519,10:53:12,1257.1801,1,1
2026-06-09,600519,10:53:15,1257.0699,7,2
2026-06-09,600519,10:53:21,1257.1801,3,1
2026-06-09,600519,10:53:24,1257.0699,3,2
2026-06-09,600519,10:53:27,1257.0699,1,2
2026-06-09,600519,10:53:33,1257.0601,3,2
2026-06-09,600519,10:53:39,1257.0601,9,2
2026-06-09,600519,10:53:42,1257.0699,1,1
2026-06-09,600519,10:53:48,1257.1600,5,1
2026-06-09,600519,10:53:51,1257.0800,1,2
2026-06-09,600519,10:53:54,1257.0699,1,2
2026-06-09,600519,10:54:00,1257.0699,1,2
2026-06-09,600519,10:54:03,1257.0699,1,2
2026-06-09,600519,10:54:06,1257.0699,5,2
2026-06-09,600519,10:54:09,1257.0200,2,2
2026-06-09,600519,10:54:12,1257.0000,4,2
2026-06-09,600519,10:54:15,1256.8900,19,2
2026-06-09,600519,10:54:18,1256.6600,21,2
2026-06-09,600519,10:54:21,1256.5000,18,2
2026-06-09,600519,10:54:24,1256.4500,4,2
2026-06-09,600519,10:54:27,1256.2700,15,2
2026-06-09,600519,10:54:30,1256.2200,24,2
2026-06-09,600519,10:54:33,1256.2100,2,4
2026-06-09,600519,10:54:36,1256.2000,8,2
2026-06-09,600519,10:54:39,1256.1500,2,2
2026-06-09,600519,10:54:42,1256.1100,12,2
2026-06-09,600519,10:54:45,1256.0800,1,2
2026-06-09,600519,10:54:48,1256.0800,1,1
2026-06-09,600519,10:54:51,1256.0500,3,2
2026-06-09,600519,10:54:54,1256.0500,1,1
2026-06-09,600519,10:54:57,1256.0400,2,2
2026-06-09,600519,10:55:03,1256.0400,1,2
2026-06-09,600519,10:55:06,1256.0100,2,2
2026-06-09,600519,10:55:09,1256.0500,1,1
2026-06-09,600519,10:55:12,1256.0500,4,1
2026-06-09,600519,10:55:15,1256.0500,8,1
2026-06-09,600519,10:55:18,1256.0300,3,2
2026-06-09,600519,10:55:24,1256.0200,3,2
2026-06-09,600519,10:55:27,1256.0200,6,1
2026-06-09,600519,10:55:30,1256.0100,3,2
2026-06-09,600519,10:55:33,1256.0200,5,1
2026-06-09,600519,10:55:36,1256.0200,6,2
2026-06-09,600519,10:55:39,1256.0200,1,2
2026-06-09,600519,10:55:45,1256.0200,8,2
2026-06-09,600519,10:55:48,1256.0100,5,2
2026-06-09,600519,10:55:51,1256.0200,1,1
2026-06-09,600519,10:56:03,1256.0100,1,2
2026-06-09,600519,10:56:09,1256.0200,1,1
2026-06-09,600519,10:56:12,1256.0100,3,2
2026-06-09,600519,10:56:15,1256.0200,1,2
2026-06-09,600519,10:56:21,1256.0300,1,1
2026-06-09,600519,10:56:24,1256.0200,2,2
2026-06-09,600519,10:56:27,1256.0400,3,1
2026-06-09,600519,10:56:33,1256.1100,1,1
2026-06-09,600519,10:56:36,1256.1100,2,1
2026-06-09,600519,10:56:39,1256.1500,1,1
