date,code,time,price,volume,bs
2026-02-13,000858,14:06:42,106.2200,14,2
2026-02-13,000858,14:06:45,106.2200,6,2
2026-02-13,000858,14:06:48,106.2200,6,2
2026-02-13,000858,14:06:51,106.2200,6,2
2026-02-13,000858,14:06:54,106.2300,11,1
2026-02-13,000858,14:06:57,106.2300,16,1
2026-02-13,000858,14:07:00,106.2200,14,2
2026-02-13,000858,14:07:03,106.2300,35,1
2026-02-13,000858,14:07:06,106.2200,18,2
2026-02-13,000858,14:07:09,106.2300,44,1
2026-02-13,000858,14:07:12,106.2300,52,1
2026-02-13,000858,14:07:15,106.2200,37,2
2026-02-13,000858,14:07:18,106.2200,9,2
2026-02-13,000858,14:07:21,106.2300,7,1
2026-02-13,000858,14:07:24,106.2200,10,2
2026-02-13,000858,14:07:27,106.2300,16,1
2026-02-13,000858,14:07:30,106.2200,6,2
2026-02-13,000858,14:07:33,106.2200,14,2
2026-02-13,000858,14:07:36,106.2200,18,2
2026-02-13,000858,14:07:39,106.2200,5,2
2026-02-13,000858,14:07:42,106.2300,13,1
2026-02-13,000858,14:07:45,106.2300,7,2
2026-02-13,000858,14:07:48,106.2300,6,2
2026-02-13,000858,14:07:51,106.2300,5,2
2026-02-13,000858,14:07:54,106.2300,38,2
2026-02-13,000858,14:07:57,106.2300,9,2
2026-02-13,000858,14:08:00,106.2300,11,2
2026-02-13,000858,14:08:03,106.2300,20,2
2026-02-13,000858,14:08:06,106.2300,17,2
2026-02-13,000858,14:08:09,106.2300,56,2
2026-02-13,000858,14:08:12,106.2300,8,2
2026-02-13,000858,14:08:15,106.2300,19,2
2026-02-13,000858,14:08:18,106.2300,31,1
2026-02-13,000858,14:08:21,106.2200,12,2
2026-02-13,000858,14:08:24,106.2300,13,1
2026-02-13,000858,14:08:27,106.2200,16,2
2026-02-13,000858,14:08:30,106.2200,26,2
2026-02-13,000858,14:08:33,106.2300,4,1
2026-02-13,000858,14:08:36,106.2300,9,1
2026-02-13,000858,14:08:39,106.2200,16,2
2026-02-13,000858,14:08:42,106.2300,16,1
2026-02-13,000858,14:08:45,106.2300,4,1
2026-02-13,000858,14:08:48,106.2200,16,2
2026-02-13,000858,14:08:51,106.2200,5,2
2026-02-13,000858,14:08:54,106.2300,15,1
2026-02-13,000858,14:08:57,106.2300,25,1
2026-02-13,000858,14:09:00,106.2300,23,1
2026-02-13,000858,14:09:03,106.2200,33,2
2026-02-13,000858,14:09:06,106.2200,50,2
2026-02-13,000858,14:09:09,106.2200,43,2
2026-02-13,000858,14:09:12,106.2300,13,1
2026-02-13,000858,14:09:15,106.2200,8,2
2026-02-13,000858,14:09:18,106.2200,28,2
2026-02-13,000858,14:09:21,106.2200,13,2
2026-02-13,000858,14:09:24,106.2200,45,2
2026-02-13,000858,14:09:27,106.2200,31,2
2026-02-13,000858,14:09:30,106.2200,22,2
2026-02-13,000858,14:09:33,106.2300,41,1
2026-02-13,000858,14:09:36,106.2200,6,2
2026-02-13,000858,14:09:42,106.2200,8,2
2026-02-13,000858,14:09:45,106.2200,10,2
2026-02-13,000858,14:09:48,106.2300,18,1
2026-02-13,000858,14:09:51,106.2400,78,1
2026-02-13,000858,14:09:54,106.2400,65,2
2026-02-13,000858,14:09:57,106.2400,21,1
2026-02-13,000858,14:10:00,106.2300,27,4
2026-02-13,000858,14:10:03,106.2200,5,2
2026-02-13,000858,14:10:06,106.2200,13,2
2026-02-13,000858,14:10:09,106.2200,14,2
2026-02-13,000858,14:10:12,106.2200,27,2
2026-02-13,000858,14:10:15,106.2000,132,2
2026-02-13,000858,14:10:18,106.2000,4,2
2026-02-13,000858,14:10:21,106.2000,16,2
2026-02-13,000858,14:10:24,106.2000,8,2
2026-02-13,000858,14:10:27,106.2000,34,2
2026-02-13,000858,14:10:30,106.2000,16,2
2026-02-13,000858,14:10:33,106.2000,14,2
2026-02-13,000858,14:10:36,106.2000,49,2
2026-02-13,000858,14:10:39,106.2000,293,2
2026-02-13,000858,14:10:42,106.2000,99,2
2026-02-13,000858,14:10:45,106.2000,86,2
2026-02-13,000858,14:10:48,106.1800,39,2
2026-02-13,000858,14:10:51,106.1800,24,2
2026-02-13,000858,14:10:54,106.1900,21,1
2026-02-13,000858,14:10:57,106.1900,16,1
2026-02-13,000858,14:11:00,106.1800,48,2
2026-02-13,000858,14:11:03,106.1800,34,2
2026-02-13,000858,14:11:06,106.1800,28,2
2026-02-13,000858,14:11:09,106.1800,18,2
2026-02-13,000858,14:11:12,106.1700,19,2
2026-02-13,000858,14:11:15,106.1800,12,1
2026-02-13,000858,14:11:18,106.1700,17,2
2026-02-13,000858,14:11:21,106.1700,12,2
2026-02-13,000858,14:11:24,106.1700,11,2
2026-02-13,000858,14:11:27,106.1600,13,2
2026-02-13,000858,14:11:30,106.1600,1,2
2026-02-13,000858,14:11:33,106.1600,14,2
2026-02-13,000858,14:11:36,106.1600,131,2
2026-02-13,000858,14:11:39,106.1600,43,2
2026-02-13,000858,14:11:42,106.1700,72,1
2026-02-13,000858,14:11:45,106.1700,10,2
2026-02-13,000858,14:11:48,106.1700,11,2
2026-02-13,000858,14:11:51,106.1700,124,2
2026-02-13,000858,14:11:54,106.1700,15,2
2026-02-13,000858,14:11:57,106.1700,22,2
2026-02-13,000858,14:12:00,106.1700,1,2
2026-02-13,000858,14:12:03,106.1700,19,2
2026-02-13,000858,14:12:06,106.1700,49,1
2026-02-13,000858,14:12:09,106.1700,25,1
2026-02-13,000858,14:12:12,106.1700,10,1
2026-02-13,000858,14:12:15,106.1600,30,2
2026-02-13,000858,14:12:18,106.1600,13,2
2026-02-13,000858,14:12:21,106.1600,16,2
2026-02-13,000858,14:12:24,106.1600,40,2
2026-02-13,000858,14:12:27,106.1700,14,1
2026-02-13,000858,14:12:30,106.1500,14,2
2026-02-13,000858,14:12:33,106.1500,2,2
2026-02-13,000858,14:12:36,106.1500,1,2
2026-02-13,000858,14:12:39,106.1500,29,2
2026-02-13,000858,14:12:42,106.1500,33,2
2026-02-13,000858,14:12:45,106.1400,49,2
2026-02-13,000858,14:12:48,106.1300,19,2
2026-02-13,000858,14:12:51,106.1300,19,2
2026-02-13,000858,14:12:54,106.1100,47,2
2026-02-13,000858,14:13:00,106.1000,41,2
2026-02-13,000858,14:13:03,106.1000,18,2
2026-02-13,000858,14:13:06,106.1000,30,2
2026-02-13,000858,14:13:09,106.1000,43,2
2026-02-13,000858,14:13:12,106.1000,31,1
2026-02-13,000858,14:13:15,106.0900,51,2
2026-02-13,000858,14:13:18,106.1000,92,1
2026-02-13,000858,14:13:21,106.0800,37,2
2026-02-13,000858,14:13:24,106.0800,18,1
2026-02-13,000858,14:13:27,106.0900,41,1
2026-02-13,000858,14:13:30,106.0600,19,2
2026-02-13,000858,14:13:33,106.0800,77,1
2026-02-13,000858,14:13:36,106.0800,20,2
2026-02-13,000858,14:13:39,106.0800,51,2
2026-02-13,000858,14:13:42,106.0700,41,2
2026-02-13,000858,14:13:45,106.0700,28,1
2026-02-13,000858,14:13:48,106.0700,5,2
2026-02-13,000858,14:13:51,106.0700,25,2
2026-02-13,000858,14:13:54,106.0600,35,2
2026-02-13,000858,14:13:57,106.0600,16,2
2026-02-13,000858,14:14:00,106.0600,35,2
2026-02-13,000858,14:14:03,106.0500,14,2
2026-02-13,000858,14:14:06,106.0500,3,2
2026-02-13,000858,14:14:09,106.0600,19,1
2026-02-13,000858,14:14:12,106.0500,49,2
2026-02-13,000858,14:14:15,106.0500,31,2
2026-02-13,000858,14:14:18,106.0600,229,1
2026-02-13,000858,14:14:21,106.0600,32,2
2026-02-13,000858,14:14:24,106.0800,110,1
2026-02-13,000858,14:14:27,106.0600,99,2
2026-02-13,000858,14:14:30,106.0700,20,4
2026-02-13,000858,14:14:33,106.0600,40,2
2026-02-13,000858,14:14:36,106.0700,27,1
2026-02-13,000858,14:14:39,106.0800,7,2
2026-02-13,000858,14:14:42,106.0700,32,2
2026-02-13,000858,14:14:45,106.0700,25,2
2026-02-13,000858,14:14:48,106.0800,54,1
2026-02-13,000858,14:14:51,106.0600,19,2
2026-02-13,000858,14:14:54,106.0700,23,1
2026-02-13,000858,14:14:57,106.0700,20,2
2026-02-13,000858,14:15:00,106.0600,37,2
2026-02-13,000858,14:15:03,106.0600,4,2
2026-02-13,000858,14:15:06,106.0700,42,1
2026-02-13,000858,14:15:09,106.0600,30,2
2026-02-13,000858,14:15:12,106.0600,163,2
2026-02-13,000858,14:15:15,106.0600,35,2
2026-02-13,000858,14:15:18,106.0700,17,1
2026-02-13,000858,14:15:21,106.0500,19,2
2026-02-13,000858,14:15:24,106.0500,4,2
2026-02-13,000858,14:15:27,106.0500,12,2
2026-02-13,000858,14:15:30,106.0600,26,1
2026-02-13,000858,14:15:33,106.0600,58,1
2026-02-13,000858,14:15:36,106.0600,20,1
2026-02-13,000858,14:15:39,106.0600,20,1
2026-02-13,000858,14:15:42,106.0500,2,2
2026-02-13,000858,14:15:45,106.0500,13,2
2026-02-13,000858,14:15:48,106.0500,12,1
2026-02-13,000858,14:15:51,106.0400,16,2
2026-02-13,000858,14:15:54,106.0400,20,2
2026-02-13,000858,14:15:57,106.0400,13,2
2026-02-13,000858,14:16:00,106.0500,32,1
2026-02-13,000858,14:16:03,106.0600,84,1
2026-02-13,000858,14:16:06,106.0500,70,2
2026-02-13,000858,14:16:09,106.0500,117,2
2026-02-13,000858,14:16:12,106.0700,20,1
2026-02-13,000858,14:16:15,106.0600,79,2
2026-02-13,000858,14:16:18,106.0500,43,2
2026-02-13,000858,14:16:21,106.0500,13,2
2026-02-13,000858,14:16:24,106.0500,22,2
2026-02-13,000858,14:16:27,106.0600,23,4
2026-02-13,000858,14:16:30,106.0600,8,2
2026-02-13,000858,14:16:33,106.0600,16,2
2026-02-13,000858,14:16:36,106.0800,29,1
2026-02-13,000858,14:16:39,106.0600,19,2
2026-02-13,000858,14:16:42,106.0800,5,4
2026-02-13,000858,14:16:45,106.0500,36,2
2026-02-13,000858,14:16:48,106.0700,36,4
2026-02-13,000858,14:16:51,106.0800,5,2
2026-02-13,000858,14:16:54,106.0700,22,2
2026-02-13,000858,14:16:57,106.0800,31,2
2026-02-13,000858,14:17:00,106.1000,33,1
2026-02-13,000858,14:17:03,106.0700,35,2
2026-02-13,000858,14:17:09,106.1000,10,1
2026-02-13,000858,14:17:12,106.0800,10,2
2026-02-13,000858,14:17:15,106.0800,9,2
2026-02-13,000858,14:17:18,106.1000,4,1
2026-02-13,000858,14:17:21,106.1000,26,1
2026-02-13,000858,14:17:24,106.1000,21,1
2026-02-13,000858,14:17:27,106.1000,21,1
2026-02-13,000858,14:17:30,106.1000,6,1
2026-02-13,000858,14:17:33,106.1100,86,1
2026-02-13,000858,14:17:36,106.1100,39,1
2026-02-13,000858,14:17:39,106.1000,43,2
2026-02-13,000858,14:17:42,106.1100,287,4
2026-02-13,000858,14:17:45,106.1200,8,2
2026-02-13,000858,14:17:48,106.1300,11,2
2026-02-13,000858,14:17:51,106.2000,5,1
2026-02-13,000858,14:17:54,106.2000,15,1
2026-02-13,000858,14:17:57,106.1600,10,2
2026-02-13,000858,14:18:00,106.2000,132,1
2026-02-13,000858,14:18:03,106.2100,12,1
2026-02-13,000858,14:18:06,106.2100,30,1
2026-02-13,000858,14:18:09,106.2000,5,2
2026-02-13,000858,14:18:12,106.2100,91,1
2026-02-13,000858,14:18:15,106.2100,5,2
2026-02-13,000858,14:18:21,106.2200,7,2
2026-02-13,000858,14:18:24,106.2300,23,1
2026-02-13,000858,14:18:27,106.2200,18,2
2026-02-13,000858,14:18:30,106.2200,14,1
2026-02-13,000858,14:18:33,106.2100,41,2
2026-02-13,000858,14:18:36,106.2200,61,1
2026-02-13,000858,14:18:39,106.2000,27,2
2026-02-13,000858,14:18:42,106.2200,41,1
2026-02-13,000858,14:18:45,106.2100,17,4
2026-02-13,000858,14:18:48,106.2100,45,2
2026-02-13,000858,14:18:51,106.2200,20,1
2026-02-13,000858,14:18:54,106.2000,1,2
2026-02-13,000858,14:18:57,106.2000,35,2
2026-02-13,000858,14:19:03,106.2200,9,1
2026-02-13,000858,14:19:06,106.2100,14,2
2026-02-13,000858,14:19:09,106.2200,17,1
2026-02-13,000858,14:19:12,106.2100,263,2
2026-02-13,000858,14:19:15,106.2000,36,2
2026-02-13,000858,14:19:18,106.2100,29,1
2026-02-13,000858,14:19:21,106.2100,2,2
2026-02-13,000858,14:19:24,106.2100,6,2
2026-02-13,000858,14:19:27,106.2100,8,2
2026-02-13,000858,14:19:30,106.2100,20,2
2026-02-13,000858,14:19:33,106.2100,2,2
2026-02-13,000858,14:19:36,106.2100,11,2
2026-02-13,000858,14:19:39,106.2100,9,2
2026-02-13,000858,14:19:42,106.2200,1,1
2026-02-13,000858,14:19:45,106.2100,19,2
2026-02-13,000858,14:19:48,106.2200,5,1
2026-02-13,000858,14:19:51,106.2200,58,1
2026-02-13,000858,14:19:54,106.2200,17,2
2026-02-13,000858,14:19:57,106.2200,7,2
2026-02-13,000858,14:20:00,106.2200,29,2
2026-02-13,000858,14:20:03,106.2200,23,2
2026-02-13,000858,14:20:06,106.2200,106,2
2026-02-13,000858,14:20:09,106.2100,81,2
2026-02-13,000858,14:20:12,106.2200,15,1
2026-02-13,000858,14:20:15,106.2200,31,1
2026-02-13,000858,14:20:18,106.2200,10,2
2026-02-13,000858,14:20:21,106.2200,8,2
2026-02-13,000858,14:20:24,106.2300,4,1
2026-02-13,000858,14:20:27,106.2200,2,2
2026-02-13,000858,14:20:30,106.2200,23,2
2026-02-13,000858,14:20:33,106.2300,15,4
2026-02-13,000858,14:20:36,106.2300,41,1
2026-02-13,000858,14:20:39,106.2200,45,2
2026-02-13,000858,14:20:42,106.2100,27,2
2026-02-13,000858,14:20:45,106.2000,21,2
2026-02-13,000858,14:20:48,106.2000,6,2
2026-02-13,000858,14:20:51,106.2000,13,2
2026-02-13,000858,14:20:54,106.2000,11,2
2026-02-13,000858,14:20:57,106.2000,28,2
2026-02-13,000858,14:21:00,106.2000,19,2
2026-02-13,000858,14:21:03,106.2300,134,1
2026-02-13,000858,14:21:06,106.2300,33,2
2026-02-13,000858,14:21:09,106.2300,3,2
2026-02-13,000858,14:21:12,106.2500,73,1
2026-02-13,000858,14:21:15,106.2400,9,4
2026-02-13,000858,14:21:18,106.2400,2,2
2026-02-13,000858,14:21:21,106.2400,7,1
2026-02-13,000858,14:21:24,106.2400,1,2
2026-02-13,000858,14:21:27,106.2400,1,2
2026-02-13,000858,14:21:30,106.2400,16,1
2026-02-13,000858,14:21:33,106.2400,3,2
2026-02-13,000858,14:21:36,106.2500,40,1
2026-02-13,000858,14:21:39,106.2400,28,2
2026-02-13,000858,14:21:42,106.2400,12,2
2026-02-13,000858,14:21:45,106.2400,28,2
2026-02-13,000858,14:21:48,106.2400,18,2
2026-02-13,000858,14:21:51,106.2500,1,1
2026-02-13,000858,14:21:54,106.2500,8,1
2026-02-13,000858,14:21:57,106.2400,24,2
2026-02-13,000858,14:22:00,106.2400,30,2
2026-02-13,000858,14:22:03,106.2400,24,2
2026-02-13,000858,14:22:06,106.2400,23,2
2026-02-13,000858,14:22:09,106.2400,3,2
2026-02-13,000858,14:22:12,106.2400,38,2
2026-02-13,000858,14:22:15,106.2400,1,1
2026-02-13,000858,14:22:18,106.2400,8,1
2026-02-13,000858,14:22:21,106.2300,12,2
2026-02-13,000858,14:22:24,106.2300,10,2
2026-02-13,000858,14:22:27,106.2400,10,1
2026-02-13,000858,14:22:30,106.2300,26,2
2026-02-13,000858,14:22:33,106.2300,14,2
2026-02-13,000858,14:22:36,106.2400,20,1
2026-02-13,000858,14:22:39,106.2400,33,1
2026-02-13,000858,14:22:42,106.2400,22,1
2026-02-13,000858,14:22:45,106.2300,11,2
2026-02-13,000858,14:22:48,106.2400,17,1
2026-02-13,000858,14:22:51,106.2300,14,2
2026-02-13,000858,14:22:54,106.2300,17,2
2026-02-13,000858,14:22:57,106.2400,21,1
2026-02-13,000858,14:23:00,106.2300,7,2
2026-02-13,000858,14:23:03,106.2300,86,2
2026-02-13,000858,14:23:06,106.2300,55,2
2026-02-13,000858,14:23:09,106.2300,39,2
2026-02-13,000858,14:23:12,106.2300,15,2
2026-02-13,000858,14:23:15,106.2300,12,2
2026-02-13,000858,14:23:18,106.2300,27,2
2026-02-13,000858,14:23:21,106.2300,20,2
2026-02-13,000858,14:23:24,106.2200,149,2
2026-02-13,000858,14:23:27,106.2100,15,2
2026-02-13,000858,14:23:30,106.2100,3,2
2026-02-13,000858,14:23:33,106.2100,3,2
2026-02-13,000858,14:23:36,106.2000,46,2
2026-02-13,000858,14:23:39,106.2000,24,2
2026-02-13,000858,14:23:42,106.1900,365,2
2026-02-13,000858,14:23:45,106.1800,5,1
2026-02-13,000858,14:23:48,106.1300,11,2
2026-02-13,000858,14:23:51,106.1500,7,2
2026-02-13,000858,14:23:54,106.1500,5,2
2026-02-13,000858,14:23:57,106.1100,37,2
2026-02-13,000858,14:24:00,106.1600,76,1
2026-02-13,000858,14:24:03,106.2000,105,1
2026-02-13,000858,14:24:06,106.2000,14,2
2026-02-13,000858,14:24:09,106.2000,58,2
2026-02-13,000858,14:24:12,106.2000,21,2
2026-02-13,000858,14:24:15,106.2000,32,2
2026-02-13,000858,14:24:18,106.2000,42,2
2026-02-13,000858,14:24:21,106.2000,44,2
2026-02-13,000858,14:24:24,106.2000,6,2
2026-02-13,000858,14:24:27,106.1300,89,2
2026-02-13,000858,14:24:30,106.2100,12,1
2026-02-13,000858,14:24:33,106.1800,1,1
2026-02-13,000858,14:24:36,106.2000,6,1
2026-02-13,000858,14:24:42,106.1500,2,2
2026-02-13,000858,14:24:45,106.1600,4,2
2026-02-13,000858,14:24:48,106.1600,3,2
2026-02-13,000858,14:24:51,106.1900,6,1
2026-02-13,000858,14:24:54,106.1900,21,1
2026-02-13,000858,14:24:57,106.1800,3,1
2026-02-13,000858,14:25:00,106.1600,28,2
2026-02-13,000858,14:25:03,106.1900,31,1
2026-02-13,000858,14:25:06,106.1700,4,2
2026-02-13,000858,14:25:09,106.1700,5,1
2026-02-13,000858,14:25:12,106.2000,167,1
2026-02-13,000858,14:25:15,106.2000,10,2
2026-02-13,000858,14:25:18,106.2100,106,1
2026-02-13,000858,14:25:21,106.1900,16,2
2026-02-13,000858,14:25:24,106.1900,1,2
2026-02-13,000858,14:25:27,106.2000,31,1
2026-02-13,000858,14:25:30,106.2000,13,2
2026-02-13,000858,14:25:33,106.2000,25,2
2026-02-13,000858,14:25:36,106.2000,177,2
2026-02-13,000858,14:25:39,106.2000,43,2
2026-02-13,000858,14:25:42,106.2000,14,2
2026-02-13,000858,14:25:45,106.2100,25,1
2026-02-13,000858,14:25:48,106.2000,38,2
2026-02-13,000858,14:25:51,106.2000,6,2
2026-02-13,000858,14:25:54,106.2000,21,2
2026-02-13,000858,14:25:57,106.2000,4,2
2026-02-13,000858,14:26:00,106.2100,7,1
2026-02-13,000858,14:26:03,106.2000,26,2
2026-02-13,000858,14:26:06,106.2100,14,1
2026-02-13,000858,14:26:09,106.2000,15,2
2026-02-13,000858,14:26:12,106.2000,63,2
2026-02-13,000858,14:26:15,106.2000,7,2
2026-02-13,000858,14:26:18,106.2000,82,2
2026-02-13,000858,14:26:21,106.2000,9,2
2026-02-13,000858,14:26:24,106.2100,13,1
2026-02-13,000858,14:26:27,106.2000,23,2
2026-02-13,000858,14:26:30,106.2000,11,2
2026-02-13,000858,14:26:33,106.2000,17,2
2026-02-13,000858,14:26:36,106.2000,27,2
2026-02-13,000858,14:26:39,106.2100,89,1
2026-02-13,000858,14:26:42,106.2100,4,2
2026-02-13,000858,14:26:45,106.2100,11,2
2026-02-13,000858,14:26:48,106.2200,12,1
2026-02-13,000858,14:26:51,106.2100,18,2
2026-02-13,000858,14:26:54,106.2100,14,2
2026-02-13,000858,14:26:57,106.2000,48,2
2026-02-13,000858,14:27:00,106.2100,5,1
2026-02-13,000858,14:27:03,106.2100,53,4
2026-02-13,000858,14:27:06,106.2000,11,2
2026-02-13,000858,14:27:09,106.2000,27,2
2026-02-13,000858,14:27:12,106.2000,46,2
2026-02-13,000858,14:27:15,106.2000,2,2
2026-02-13,000858,14:27:18,106.2000,9,2
2026-02-13,000858,14:27:21,106.2000,12,2
2026-02-13,000858,14:27:24,106.2000,25,2
2026-02-13,000858,14:27:27,106.2100,206,1
2026-02-13,000858,14:27:30,106.2000,5,2
2026-02-13,000858,14:27:33,106.2000,24,2
2026-02-13,000858,14:27:36,106.2000,6,2
2026-02-13,000858,14:27:39,106.2100,157,1
2026-02-13,000858,14:27:42,106.2000,357,2
2026-02-13,000858,14:27:45,106.2100,48,4
2026-02-13,000858,14:27:48,106.2100,15,1
2026-02-13,000858,14:27:51,106.2100,8,4
2026-02-13,000858,14:27:54,106.2100,3,2
2026-02-13,000858,14:27:57,106.2100,20,2
2026-02-13,000858,14:28:00,106.2000,19,2
2026-02-13,000858,14:28:03,106.2100,8,1
2026-02-13,000858,14:28:06,106.2200,12,1
2026-02-13,000858,14:28:09,106.2100,20,1
2026-02-13,000858,14:28:12,106.2100,46,1
2026-02-13,000858,14:28:15,106.2200,9,1
2026-02-13,000858,14:28:18,106.2100,9,4
2026-02-13,000858,14:28:21,106.2100,8,2
2026-02-13,000858,14:28:24,106.2100,4,1
2026-02-13,000858,14:28:27,106.2100,28,1
2026-02-13,000858,14:28:30,106.2100,67,2
2026-02-13,000858,14:28:33,106.2000,23,2
2026-02-13,000858,14:28:36,106.2100,23,1
2026-02-13,000858,14:28:42,106.2200,4,1
2026-02-13,000858,14:28:45,106.2100,21,2
2026-02-13,000858,14:28:48,106.2200,1,4
2026-02-13,000858,14:28:54,106.2200,2,1
2026-02-13,000858,14:28:57,106.2200,8,1
2026-02-13,000858,14:29:00,106.2200,42,1
2026-02-13,000858,14:29:03,106.2200,43,2
2026-02-13,000858,14:29:06,106.2200,3,2
2026-02-13,000858,14:29:09,106.2200,21,2
2026-02-13,000858,14:29:12,106.2200,38,2
2026-02-13,000858,14:29:15,106.2300,26,1
2026-02-13,000858,14:29:18,106.2200,6,2
2026-02-13,000858,14:29:21,106.2400,368,1
2026-02-13,000858,14:29:24,106.2400,19,2
2026-02-13,000858,14:29:27,106.2500,26,1
2026-02-13,000858,14:29:30,106.2400,13,2
2026-02-13,000858,14:29:33,106.2300,18,2
2026-02-13,000858,14:29:36,106.2400,7,1
2026-02-13,000858,14:29:39,106.2400,47,1
2026-02-13,000858,14:29:42,106.2400,10,2
2026-02-13,000858,14:29:45,106.2500,67,1
2026-02-13,000858,14:29:48,106.2400,14,2
2026-02-13,000858,14:29:51,106.2400,45,2
2026-02-13,000858,14:29:54,106.2400,50,2
2026-02-13,000858,14:29:57,106.2400,1,2
2026-02-13,000858,14:30:00,106.2400,22,2
2026-02-13,000858,14:30:03,106.2400,4,2
2026-02-13,000858,14:30:06,106.2400,14,2
2026-02-13,000858,14:30:09,106.2400,20,2
2026-02-13,000858,14:30:12,106.2400,22,2
2026-02-13,000858,14:30:15,106.2400,12,2
2026-02-13,000858,14:30:18,106.2500,13,1
2026-02-13,000858,14:30:21,106.2400,10,2
2026-02-13,000858,14:30:24,106.2600,116,1
2026-02-13,000858,14:30:27,106.2500,16,2
2026-02-13,000858,14:30:30,106.2600,8,1
2026-02-13,000858,14:30:33,106.2700,44,1
2026-02-13,000858,14:30:36,106.2600,2,4
2026-02-13,000858,14:30:39,106.2600,22,2
2026-02-13,000858,14:30:42,106.2700,14,1
2026-02-13,000858,14:30:45,106.2700,43,1
2026-02-13,000858,14:30:48,106.2700,48,1
2026-02-13,000858,14:30:51,106.2700,8,2
2026-02-13,000858,14:30:54,106.2600,38,2
2026-02-13,000858,14:30:57,106.2700,3,1
2026-02-13,000858,14:31:00,106.2600,12,2
2026-02-13,000858,14:31:03,106.2700,29,1
2026-02-13,000858,14:31:06,106.2600,26,2
2026-02-13,000858,14:31:09,106.2600,6,1
2026-02-13,000858,14:31:12,106.2600,8,1
2026-02-13,000858,14:31:15,106.2600,33,1
2026-02-13,000858,14:31:18,106.2600,32,1
2026-02-13,000858,14:31:21,106.2600,25,1
2026-02-13,000858,14:31:24,106.2600,34,2
2026-02-13,000858,14:31:27,106.2600,20,2
2026-02-13,000858,14:31:30,106.2700,47,1
2026-02-13,000858,14:31:33,106.2600,12,2
2026-02-13,000858,14:31:36,106.2800,9,1
2026-02-13,000858,14:31:39,106.2800,13,1
2026-02-13,000858,14:31:42,106.2600,11,2
2026-02-13,000858,14:31:45,106.2700,24,1
2026-02-13,000858,14:31:48,106.2700,10,2
2026-02-13,000858,14:31:51,106.2700,11,2
2026-02-13,000858,14:31:54,106.2700,55,2
2026-02-13,000858,14:31:57,106.2700,8,2
2026-02-13,000858,14:32:00,106.2800,57,1
2026-02-13,000858,14:32:03,106.2700,23,2
2026-02-13,000858,14:32:06,106.2700,10,1
2026-02-13,000858,14:32:09,106.2700,7,1
2026-02-13,000858,14:32:12,106.2700,9,1
2026-02-13,000858,14:32:15,106.2700,5,1
2026-02-13,000858,14:32:18,106.2600,5,2
2026-02-13,000858,14:32:21,106.2600,19,2
2026-02-13,000858,14:32:24,106.2600,7,2
2026-02-13,000858,14:32:27,106.2700,17,1
2026-02-13,000858,14:32:30,106.2600,11,2
2026-02-13,000858,14:32:33,106.2600,21,2
2026-02-13,000858,14:32:36,106.2600,13,1
2026-02-13,000858,14:32:39,106.2500,39,2
2026-02-13,000858,14:32:42,106.2600,10,1
2026-02-13,000858,14:32:45,106.2600,8,2
2026-02-13,000858,14:32:48,106.2600,5,1
2026-02-13,000858,14:32:51,106.2500,10,2
2026-02-13,000858,14:32:54,106.2500,35,2
2026-02-13,000858,14:32:57,106.2600,14,1
2026-02-13,000858,14:33:00,106.2600,30,1
2026-02-13,000858,14:33:03,106.2500,90,2
2026-02-13,000858,14:33:06,106.2500,18,1
2026-02-13,000858,14:33:09,106.2500,6,2
2026-02-13,000858,14:33:12,106.2500,7,1
2026-02-13,000858,14:33:15,106.2500,4,1
2026-02-13,000858,14:33:18,106.2400,33,2
2026-02-13,000858,14:33:21,106.2300,130,2
2026-02-13,000858,14:33:24,106.2500,60,1
2026-02-13,000858,14:33:27,106.2300,52,2
2026-02-13,000858,14:33:30,106.2100,44,2
2026-02-13,000858,14:33:33,106.2400,19,1
2026-02-13,000858,14:33:36,106.2200,33,2
2026-02-13,000858,14:33:39,106.2500,33,1
2026-02-13,000858,14:33:42,106.2200,22,2
2026-02-13,000858,14:33:45,106.2400,4,2
2026-02-13,000858,14:33:48,106.2400,18,2
2026-02-13,000858,14:33:51,106.2400,2,4
2026-02-13,000858,14:33:54,106.2400,36,2
2026-02-13,000858,14:33:57,106.2400,2,2
2026-02-13,000858,14:34:00,106.2400,14,2
2026-02-13,000858,14:34:03,106.2400,37,1
2026-02-13,000858,14:34:06,106.2400,1,1
2026-02-13,000858,14:34:09,106.2300,14,2
2026-02-13,000858,14:34:12,106.2300,9,2
2026-02-13,000858,14:34:15,106.2300,8,2
2026-02-13,000858,14:34:18,106.2400,29,1
2026-02-13,000858,14:34:21,106.2500,17,1
2026-02-13,000858,14:34:24,106.2500,64,1
2026-02-13,000858,14:34:27,106.2500,12,2
2026-02-13,000858,14:34:30,106.2600,8,1
2026-02-13,000858,14:34:33,106.2500,71,2
2026-02-13,000858,14:34:36,106.2500,27,2
2026-02-13,000858,14:34:39,106.2500,6,2
2026-02-13,000858,14:34:42,106.2500,20,2
2026-02-13,000858,14:34:45,106.2500,4,2
2026-02-13,000858,14:34:48,106.2500,15,2
2026-02-13,000858,14:34:51,106.2600,2,1
2026-02-13,000858,14:34:54,106.2500,34,2
2026-02-13,000858,14:34:57,106.2500,52,2
2026-02-13,000858,14:35:00,106.2500,21,2
2026-02-13,000858,14:35:03,106.2500,28,2
2026-02-13,000858,14:35:06,106.2500,12,2
2026-02-13,000858,14:35:09,106.2600,21,1
2026-02-13,000858,14:35:12,106.2500,70,2
2026-02-13,000858,14:35:15,106.2600,74,1
2026-02-13,000858,14:35:18,106.2500,38,2
2026-02-13,000858,14:35:21,106.2500,30,2
2026-02-13,000858,14:35:24,106.2600,65,1
2026-02-13,000858,14:35:27,106.2500,34,2
2026-02-13,000858,14:35:30,106.2700,440,1
2026-02-13,000858,14:35:33,106.2700,16,2
2026-02-13,000858,14:35:36,106.2800,67,1
2026-02-13,000858,14:35:39,106.2700,13,2
2026-02-13,000858,14:35:42,106.2800,3,4
2026-02-13,000858,14:35:45,106.2900,35,1
2026-02-13,000858,14:35:48,106.2800,12,4
2026-02-13,000858,14:35:51,106.2700,28,2
2026-02-13,000858,14:35:54,106.2700,33,2
2026-02-13,000858,14:35:57,106.2700,12,1
2026-02-13,000858,14:36:00,106.2700,33,1
2026-02-13,000858,14:36:03,106.2700,18,2
2026-02-13,000858,14:36:06,106.2700,24,2
2026-02-13,000858,14:36:09,106.2700,64,2
2026-02-13,000858,14:36:12,106.2700,9,2
2026-02-13,000858,14:36:15,106.2700,34,2
2026-02-13,000858,14:36:18,106.2800,5,1
2026-02-13,000858,14:36:21,106.2900,33,1
2026-02-13,000858,14:36:24,106.2700,37,2
2026-02-13,000858,14:36:27,106.2800,15,4
2026-02-13,000858,14:36:30,106.2800,14,1
2026-02-13,000858,14:36:33,106.2700,27,2
2026-02-13,000858,14:36:36,106.2700,24,2
2026-02-13,000858,14:36:39,106.2800,157,1
2026-02-13,000858,14:36:42,106.2800,49,2
2026-02-13,000858,14:36:45,106.2800,46,2
2026-02-13,000858,14:36:48,106.2800,12,1
2026-02-13,000858,14:36:51,106.2700,37,2
2026-02-13,000858,14:36:54,106.2500,121,2
2026-02-13,000858,14:36:57,106.2600,31,1
2026-02-13,000858,14:37:00,106.2500,35,2
2026-02-13,000858,14:37:03,106.2600,11,2
2026-02-13,000858,14:37:06,106.2700,18,1
2026-02-13,000858,14:37:09,106.2600,45,2
2026-02-13,000858,14:37:12,106.2600,5,2
2026-02-13,000858,14:37:15,106.2600,46,2
2026-02-13,000858,14:37:18,106.2600,48,2
2026-02-13,000858,14:37:21,106.2600,142,2
2026-02-13,000858,14:37:24,106.2500,73,2
2026-02-13,000858,14:37:27,106.2600,9,1
2026-02-13,000858,14:37:30,106.2500,45,2
2026-02-13,000858,14:37:33,106.2600,28,4
2026-02-13,000858,14:37:36,106.2600,13,1
2026-02-13,000858,14:37:39,106.2500,48,2
2026-02-13,000858,14:37:42,106.2500,22,2
2026-02-13,000858,14:37:45,106.2600,16,1
2026-02-13,000858,14:37:48,106.2500,41,2
2026-02-13,000858,14:37:51,106.2500,8,2
2026-02-13,000858,14:37:54,106.2500,50,2
2026-02-13,000858,14:37:57,106.2500,94,2
2026-02-13,000858,14:38:00,106.2500,47,2
2026-02-13,000858,14:38:03,106.2500,31,2
2026-02-13,000858,14:38:06,106.2500,20,2
2026-02-13,000858,14:38:09,106.2500,30,2
2026-02-13,000858,14:38:12,106.2500,17,2
2026-02-13,000858,14:38:15,106.2500,28,2
2026-02-13,000858,14:38:18,106.2600,117,1
2026-02-13,000858,14:38:21,106.2500,20,2
2026-02-13,000858,14:38:24,106.2500,47,2
2026-02-13,000858,14:38:27,106.2500,75,2
2026-02-13,000858,14:38:30,106.2500,35,2
2026-02-13,000858,14:38:33,106.2600,69,1
2026-02-13,000858,14:38:36,106.2500,82,2
2026-02-13,000858,14:38:39,106.2400,67,2
2026-02-13,000858,14:38:42,106.2400,100,2
2026-02-13,000858,14:38:45,106.2400,69,2
2026-02-13,000858,14:38:48,106.2000,69,2
2026-02-13,000858,14:38:51,106.2000,66,2
2026-02-13,000858,14:38:54,106.2000,59,2
2026-02-13,000858,14:38:57,106.2000,44,2
2026-02-13,000858,14:39:00,106.2000,30,2
2026-02-13,000858,14:39:03,106.2000,82,2
2026-02-13,000858,14:39:06,106.2400,30,1
2026-02-13,000858,14:39:09,106.2100,222,2
2026-02-13,000858,14:39:12,106.2100,62,2
2026-02-13,000858,14:39:15,106.2100,32,2
2026-02-13,000858,14:39:18,106.2100,33,2
2026-02-13,000858,14:39:21,106.2100,34,2
2026-02-13,000858,14:39:24,106.2100,19,2
2026-02-13,000858,14:39:27,106.2000,22,2
2026-02-13,000858,14:39:30,106.2000,67,2
2026-02-13,000858,14:39:33,106.2000,38,2
2026-02-13,000858,14:39:36,106.2100,158,1
2026-02-13,000858,14:39:39,106.2100,88,2
2026-02-13,000858,14:39:42,106.2400,39,1
2026-02-13,000858,14:39:45,106.2100,47,2
2026-02-13,000858,14:39:48,106.2100,26,2
2026-02-13,000858,14:39:51,106.2100,66,2
2026-02-13,000858,14:39:54,106.2100,76,2
2026-02-13,000858,14:39:57,106.2200,51,1
2026-02-13,000858,14:40:00,106.2200,20,4
2026-02-13,000858,14:40:03,106.2100,46,1
2026-02-13,000858,14:40:06,106.2100,38,1
2026-02-13,000858,14:40:09,106.2000,45,2
2026-02-13,000858,14:40:12,106.2000,55,2
2026-02-13,000858,14:40:15,106.2100,24,1
2026-02-13,000858,14:40:18,106.2000,35,2
2026-02-13,000858,14:40:21,106.2000,20,2
2026-02-13,000858,14:40:24,106.2100,74,1
2026-02-13,000858,14:40:27,106.2100,50,1
2026-02-13,000858,14:40:30,106.2100,37,1
2026-02-13,000858,14:40:33,106.2100,31,2
2026-02-13,000858,14:40:36,106.2100,26,2
2026-02-13,000858,14:40:39,106.2100,56,2
2026-02-13,000858,14:40:42,106.2000,63,2
2026-02-13,000858,14:40:45,106.2100,39,1
2026-02-13,000858,14:40:48,106.2000,49,2
2026-02-13,000858,14:40:51,106.2000,63,2
2026-02-13,000858,14:40:54,106.2000,40,1
2026-02-13,000858,14:40:57,106.1800,54,2
2026-02-13,000858,14:41:00,106.2000,41,1
2026-02-13,000858,14:41:03,106.1700,15,2
2026-02-13,000858,14:41:06,106.1800,2,1
2026-02-13,000858,14:41:09,106.1600,12,2
2026-02-13,000858,14:41:12,106.1700,20,1
2026-02-13,000858,14:41:15,106.1600,18,2
2026-02-13,000858,14:41:18,106.1600,30,2
2026-02-13,000858,14:41:21,106.1500,90,2
2026-02-13,000858,14:41:24,106.1500,31,1
2026-02-13,000858,14:41:27,106.1400,25,2
2026-02-13,000858,14:41:30,106.1400,15,4
2026-02-13,000858,14:41:33,106.1300,6,2
2026-02-13,000858,14:41:36,106.1300,49,2
2026-02-13,000858,14:41:39,106.1200,61,2
2026-02-13,000858,14:41:42,106.1200,33,2
2026-02-13,000858,14:41:45,106.1400,39,1
2026-02-13,000858,14:41:48,106.1200,46,2
2026-02-13,000858,14:41:51,106.1100,27,2
2026-02-13,000858,14:41:54,106.1000,53,2
2026-02-13,000858,14:41:57,106.1100,29,2
2026-02-13,000858,14:42:00,106.1100,35,1
2026-02-13,000858,14:42:03,106.1000,32,2
2026-02-13,000858,14:42:06,106.1000,52,2
2026-02-13,000858,14:42:09,106.1000,32,1
2026-02-13,000858,14:42:12,106.0800,7,2
2026-02-13,000858,14:42:15,106.0800,21,2
2026-02-13,000858,14:42:18,106.0800,819,2
2026-02-13,000858,14:42:21,106.1400,229,1
2026-02-13,000858,14:42:24,106.1000,87,2
2026-02-13,000858,14:42:27,106.1200,67,2
2026-02-13,000858,14:42:30,106.1900,95,1
2026-02-13,000858,14:42:33,106.2000,48,1
2026-02-13,000858,14:42:36,106.2000,52,1
2026-02-13,000858,14:42:39,106.2000,35,1
2026-02-13,000858,14:42:42,106.2000,41,1
2026-02-13,000858,14:42:45,106.2000,26,1
2026-02-13,000858,14:42:48,106.1200,6,2
2026-02-13,000858,14:42:51,106.1800,18,1
2026-02-13,000858,14:42:54,106.1200,55,2
2026-02-13,000858,14:42:57,106.1200,28,2
2026-02-13,000858,14:43:00,106.1200,32,2
2026-02-13,000858,14:43:03,106.1100,17,4
2026-02-13,000858,14:43:06,106.1200,86,1
2026-02-13,000858,14:43:09,106.1000,43,2
2026-02-13,000858,14:43:12,106.1200,11,1
2026-02-13,000858,14:43:15,106.1000,44,2
2026-02-13,000858,14:43:18,106.1000,31,1
2026-02-13,000858,14:43:21,106.0900,35,2
2026-02-13,000858,14:43:24,106.1200,79,1
2026-02-13,000858,14:43:27,106.1100,29,4
2026-02-13,000858,14:43:30,106.1200,12,1
2026-02-13,000858,14:43:33,106.1200,42,2
2026-02-13,000858,14:43:36,106.1200,19,2
2026-02-13,000858,14:43:39,106.1200,24,1
2026-02-13,000858,14:43:42,106.1900,31,1
2026-02-13,000858,14:43:45,106.1200,20,2
2026-02-13,000858,14:43:48,106.1300,1,1
2026-02-13,000858,14:43:51,106.1300,16,1
2026-02-13,000858,14:43:54,106.1100,55,2
2026-02-13,000858,14:43:57,106.1100,30,2
2026-02-13,000858,14:44:00,106.1000,44,2
2026-02-13,000858,14:44:03,106.1200,40,1
2026-02-13,000858,14:44:06,106.1000,50,2
2026-02-13,000858,14:44:09,106.1100,41,1
2026-02-13,000858,14:44:12,106.0900,42,2
2026-02-13,000858,14:44:15,106.1000,30,1
2026-02-13,000858,14:44:18,106.1100,25,1
2026-02-13,000858,14:44:21,106.1000,37,2
2026-02-13,000858,14:44:24,106.1100,44,1
2026-02-13,000858,14:44:27,106.1200,17,1
2026-02-13,000858,14:44:30,106.1000,16,2
2026-02-13,000858,14:44:33,106.1200,102,1
2026-02-13,000858,14:44:36,106.1200,33,2
2026-02-13,000858,14:44:39,106.1600,71,1
2026-02-13,000858,14:44:42,106.1100,45,4
2026-02-13,000858,14:44:45,106.1200,36,2
2026-02-13,000858,14:44:48,106.1200,18,1
2026-02-13,000858,14:44:51,106.1100,44,2
2026-02-13,000858,14:44:54,106.1300,86,4
2026-02-13,000858,14:44:57,106.1600,55,1
2026-02-13,000858,14:45:00,106.1200,49,2
2026-02-13,000858,14:45:03,106.1200,63,2
2026-02-13,000858,14:45:06,106.1300,52,1
2026-02-13,000858,14:45:09,106.1200,18,2
2026-02-13,000858,14:45:12,106.1200,59,2
2026-02-13,000858,14:45:15,106.1200,71,2
2026-02-13,000858,14:45:18,106.1200,33,1
2026-02-13,000858,14:45:21,106.1300,41,1
2026-02-13,000858,14:45:24,106.1500,26,1
2026-02-13,000858,14:45:27,106.1600,38,1
2026-02-13,000858,14:45:30,106.1100,36,2
2026-02-13,000858,14:45:33,106.1100,4,2
2026-02-13,000858,14:45:36,106.1100,29,2
2026-02-13,000858,14:45:39,106.1200,15,2
2026-02-13,000858,14:45:42,106.1400,44,1
2026-02-13,000858,14:45:45,106.1400,92,2
2026-02-13,000858,14:45:48,106.1400,30,2
2026-02-13,000858,14:45:51,106.1000,61,2
2026-02-13,000858,14:45:54,106.1200,53,2
2026-02-13,000858,14:45:57,106.1200,23,2
2026-02-13,000858,14:46:00,106.1200,64,2
2026-02-13,000858,14:46:03,106.1200,29,2
2026-02-13,000858,14:46:06,106.1200,514,1
2026-02-13,000858,14:46:09,106.1200,163,2
2026-02-13,000858,14:46:12,106.1700,50,1
2026-02-13,000858,14:46:15,106.1700,17,1
2026-02-13,000858,14:46:18,106.1500,5,2
2026-02-13,000858,14:46:21,106.1500,15,2
2026-02-13,000858,14:46:24,106.1700,17,1
2026-02-13,000858,14:46:27,106.1600,39,2
2026-02-13,000858,14:46:30,106.1600,38,2
2026-02-13,000858,14:46:33,106.1500,24,2
2026-02-13,000858,14:46:36,106.1400,10,2
2026-02-13,000858,14:46:39,106.1400,8,1
2026-02-13,000858,14:46:42,106.1500,87,1
2026-02-13,000858,14:46:45,106.1400,106,4
2026-02-13,000858,14:46:48,106.1300,104,2
2026-02-13,000858,14:46:51,106.1500,41,1
2026-02-13,000858,14:46:54,106.1200,49,2
2026-02-13,000858,14:46:57,106.1400,12,1
2026-02-13,000858,14:47:00,106.1300,15,1
2026-02-13,000858,14:47:03,106.1200,21,2
2026-02-13,000858,14:47:06,106.1200,36,2
2026-02-13,000858,14:47:09,106.1100,27,2
2026-02-13,000858,14:47:12,106.1200,22,1
2026-02-13,000858,14:47:15,106.1200,41,1
2026-02-13,000858,14:47:18,106.1200,27,1
2026-02-13,000858,14:47:21,106.1100,5,2
2026-02-13,000858,14:47:24,106.1000,23,2
2026-02-13,000858,14:47:27,106.1000,20,2
2026-02-13,000858,14:47:30,106.1100,47,1
2026-02-13,000858,14:47:33,106.1100,22,2
2026-02-13,000858,14:47:36,106.1100,41,2
2026-02-13,000858,14:47:39,106.1200,55,1
2026-02-13,000858,14:47:42,106.1000,79,2
2026-02-13,000858,14:47:45,106.1100,39,1
2026-02-13,000858,14:47:48,106.1100,24,1
2026-02-13,000858,14:47:51,106.1000,9,2
2026-02-13,000858,14:47:54,106.1000,151,2
2026-02-13,000858,14:47:57,106.1000,40,2
2026-02-13,000858,14:48:00,106.1000,104,2
2026-02-13,000858,14:48:03,106.1100,113,1
2026-02-13,000858,14:48:06,106.0900,41,2
2026-02-13,000858,14:48:09,106.1000,30,1
2026-02-13,000858,14:48:12,106.0900,46,2
2026-02-13,000858,14:48:15,106.0900,133,2
2026-02-13,000858,14:48:18,106.0900,50,2
2026-02-13,000858,14:48:21,106.0900,31,2
2026-02-13,000858,14:48:24,106.0900,15,2
2026-02-13,000858,14:48:27,106.0900,34,2
2026-02-13,000858,14:48:30,106.0900,23,2
2026-02-13,000858,14:48:33,106.0900,44,2
2026-02-13,000858,14:48:36,106.0900,4,1
2026-02-13,000858,14:48:39,106.0900,6,1
2026-02-13,000858,14:48:42,106.0800,36,2
2026-02-13,000858,14:48:45,106.0800,21,2
2026-02-13,000858,14:48:48,106.0800,33,2
2026-02-13,000858,14:48:51,106.0900,44,1
2026-02-13,000858,14:48:54,106.0800,15,2
2026-02-13,000858,14:48:57,106.0800,109,2
2026-02-13,000858,14:49:00,106.0900,48,1
2026-02-13,000858,14:49:03,106.0800,23,2
2026-02-13,000858,14:49:06,106.0900,62,1
2026-02-13,000858,14:49:09,106.0900,103,1
2026-02-13,000858,14:49:12,106.0800,58,2
2026-02-13,000858,14:49:15,106.0800,10,2
2026-02-13,000858,14:49:18,106.0900,121,1
2026-02-13,000858,14:49:21,106.0800,41,2
2026-02-13,000858,14:49:24,106.0800,56,2
2026-02-13,000858,14:49:27,106.0900,45,1
2026-02-13,000858,14:49:30,106.0900,36,1
2026-02-13,000858,14:49:33,106.0900,51,1
2026-02-13,000858,14:49:36,106.0900,34,1
2026-02-13,000858,14:49:39,106.0900,58,1
2026-02-13,000858,14:49:42,106.0900,18,2
2026-02-13,000858,14:49:45,106.0900,8,2
2026-02-13,000858,14:49:48,106.0900,51,2
2026-02-13,000858,14:49:51,106.0900,52,2
2026-02-13,000858,14:49:54,106.0900,49,2
2026-02-13,000858,14:49:57,106.1000,57,1
2026-02-13,000858,14:50:00,106.0900,38,2
2026-02-13,000858,14:50:03,106.0900,14,2
2026-02-13,000858,14:50:06,106.0900,27,2
2026-02-13,000858,14:50:09,106.1000,45,1
2026-02-13,000858,14:50:12,106.0800,42,2
2026-02-13,000858,14:50:15,106.0900,8,1
2026-02-13,000858,14:50:18,106.0800,18,2
2026-02-13,000858,14:50:21,106.0800,20,2
2026-02-13,000858,14:50:24,106.0800,48,2
2026-02-13,000858,14:50:27,106.0900,68,1
2026-02-13,000858,14:50:30,106.0800,31,2
2026-02-13,000858,14:50:33,106.0800,50,2
2026-02-13,000858,14:50:36,106.0800,42,2
2026-02-13,000858,14:50:39,106.0800,55,4
2026-02-13,000858,14:50:42,106.0800,33,1
2026-02-13,000858,14:50:45,106.0800,26,1
2026-02-13,000858,14:50:48,106.0700,82,2
2026-02-13,000858,14:50:51,106.0800,33,1
2026-02-13,000858,14:50:54,106.0700,33,2
2026-02-13,000858,14:50:57,106.0800,24,1
2026-02-13,000858,14:51:00,106.0800,31,2
2026-02-13,000858,14:51:03,106.0800,64,2
2026-02-13,000858,14:51:06,106.0800,26,1
2026-02-13,000858,14:51:09,106.0700,18,2
2026-02-13,000858,14:51:12,106.0700,62,2
2026-02-13,000858,14:51:15,106.0700,41,2
2026-02-13,000858,14:51:18,106.0700,20,2
2026-02-13,000858,14:51:21,106.0700,75,2
2026-02-13,000858,14:51:24,106.0700,24,1
2026-02-13,000858,14:51:27,106.0700,28,1
2026-02-13,000858,14:51:30,106.0900,154,1
2026-02-13,000858,14:51:33,106.0800,41,4
2026-02-13,000858,14:51:36,106.0800,26,2
2026-02-13,000858,14:51:39,106.0600,38,2
2026-02-13,000858,14:51:42,106.0700,24,4
2026-02-13,000858,14:51:45,106.0800,25,1
2026-02-13,000858,14:51:48,106.0900,85,1
2026-02-13,000858,14:51:51,106.0800,79,2
2026-02-13,000858,14:51:54,106.0700,34,2
2026-02-13,000858,14:51:57,106.0700,21,1
2026-02-13,000858,14:52:00,106.0700,32,1
2026-02-13,000858,14:52:03,106.0700,34,1
2026-02-13,000858,14:52:06,106.0700,23,4
2026-02-13,000858,14:52:09,106.0600,72,2
2026-02-13,000858,14:52:12,106.0800,131,1
2026-02-13,000858,14:52:15,106.0700,112,4
2026-02-13,000858,14:52:18,106.0800,37,1
2026-02-13,000858,14:52:21,106.0800,52,1
2026-02-13,000858,14:52:24,106.0800,30,1
2026-02-13,000858,14:52:27,106.0600,14,2
2026-02-13,000858,14:52:30,106.0700,31,1
2026-02-13,000858,14:52:33,106.0700,32,1
2026-02-13,000858,14:52:36,106.0700,59,1
2026-02-13,000858,14:52:39,106.0700,39,4
2026-02-13,000858,14:52:42,106.0600,31,2
2026-02-13,000858,14:52:45,106.0600,70,2
2026-02-13,000858,14:52:48,106.0700,35,1
2026-02-13,000858,14:52:51,106.0700,54,2
2026-02-13,000858,14:52:54,106.0700,106,1
2026-02-13,000858,14:52:57,106.0600,49,4
2026-02-13,000858,14:53:00,106.0600,29,1
2026-02-13,000858,14:53:03,106.0500,31,2
2026-02-13,000858,14:53:06,106.0500,45,2
2026-02-13,000858,14:53:09,106.0900,825,1
2026-02-13,000858,14:53:12,106.1100,280,1
2026-02-13,000858,14:53:15,106.1100,138,2
2026-02-13,000858,14:53:18,106.1200,8,4
2026-02-13,000858,14:53:21,106.1200,19,2
2026-02-13,000858,14:53:24,106.1300,52,1
2026-02-13,000858,14:53:27,106.1200,48,2
2026-02-13,000858,14:53:30,106.1300,27,1
2026-02-13,000858,14:53:33,106.1200,35,2
2026-02-13,000858,14:53:36,106.1200,15,1
2026-02-13,000858,14:53:39,106.1200,22,1
2026-02-13,000858,14:53:42,106.1100,13,2
2026-02-13,000858,14:53:45,106.1200,36,1
2026-02-13,000858,14:53:48,106.1200,11,1
2026-02-13,000858,14:53:51,106.1100,29,2
2026-02-13,000858,14:53:54,106.1200,208,1
2026-02-13,000858,14:53:57,106.1300,58,1
2026-02-13,000858,14:54:00,106.1200,29,2
2026-02-13,000858,14:54:03,106.1200,53,2
2026-02-13,000858,14:54:06,106.1200,16,1
2026-02-13,000858,14:54:09,106.1100,28,2
2026-02-13,000858,14:54:12,106.1100,35,2
2026-02-13,000858,14:54:15,106.1100,62,2
2026-02-13,000858,14:54:18,106.1100,55,2
2026-02-13,000858,14:54:21,106.1200,71,1
2026-02-13,000858,14:54:24,106.1100,66,2
2026-02-13,000858,14:54:27,106.1100,73,1
2026-02-13,000858,14:54:30,106.1100,52,2
2026-02-13,000858,14:54:33,106.1100,24,2
2026-02-13,000858,14:54:36,106.1100,66,1
2026-02-13,000858,14:54:39,106.1100,37,2
2026-02-13,000858,14:54:42,106.1000,38,2
2026-02-13,000858,14:54:45,106.1100,33,1
2026-02-13,000858,14:54:48,106.1100,47,1
2026-02-13,000858,14:54:51,106.1100,151,1
2026-02-13,000858,14:54:54,106.1000,28,2
2026-02-13,000858,14:54:57,106.1100,33,1
2026-02-13,000858,14:55:00,106.0900,29,2
2026-02-13,000858,14:55:03,106.0800,40,2
2026-02-13,000858,14:55:06,106.0900,36,4
2026-02-13,000858,14:55:09,106.0900,25,2
2026-02-13,000858,14:55:12,106.1000,28,1
2026-02-13,000858,14:55:15,106.0900,70,2
2026-02-13,000858,14:55:18,106.0800,75,2
2026-02-13,000858,14:55:21,106.0800,75,2
2026-02-13,000858,14:55:24,106.0800,60,2
2026-02-13,000858,14:55:27,106.0900,115,2
2026-02-13,000858,14:55:30,106.0900,53,1
2026-02-13,000858,14:55:33,106.0900,129,1
2026-02-13,000858,14:55:36,106.0800,53,4
2026-02-13,000858,14:55:39,106.0800,28,1
2026-02-13,000858,14:55:42,106.0800,35,1
2026-02-13,000858,14:55:45,106.0700,85,2
2026-02-13,000858,14:55:48,106.0700,37,2
2026-02-13,000858,14:55:51,106.0700,65,1
2026-02-13,000858,14:55:54,106.0600,169,2
2026-02-13,000858,14:55:57,106.0600,83,2
2026-02-13,000858,14:56:00,106.0600,103,2
2026-02-13,000858,14:56:03,106.0600,63,2
2026-02-13,000858,14:56:06,106.0600,158,2
2026-02-13,000858,14:56:09,106.0600,78,1
2026-02-13,000858,14:56:12,106.0600,50,1
2026-02-13,000858,14:56:15,106.0600,64,2
2026-02-13,000858,14:56:18,106.0600,129,2
2026-02-13,000858,14:56:21,106.0500,99,2
2026-02-13,000858,14:56:24,106.0600,57,1
2026-02-13,000858,14:56:27,106.0700,43,1
2026-02-13,000858,14:56:30,106.0700,97,2
2026-02-13,000858,14:56:33,106.0800,67,1
2026-02-13,000858,14:56:36,106.0600,36,2
2026-02-13,000858,14:56:39,106.0800,60,1
2026-02-13,000858,14:56:42,106.0600,35,2
2026-02-13,000858,14:56:45,106.0800,14,1
2026-02-13,000858,14:56:48,106.0700,120,2
2026-02-13,000858,14:56:51,106.0700,11,4
2026-02-13,000858,14:56:54,106.0700,88,1
2026-02-13,000858,14:56:57,106.0600,36,2
2026-02-13,000858,14:57:00,106.0600,90,1
2026-02-13,000858,15:00:00,106.0600,2530,4
2026-02-13,000858,13:15:54,106.5000,8,2
2026-02-13,000858,13:15:57,106.5000,22,2
2026-02-13,000858,13:16:00,106.5000,23,2
2026-02-13,000858,13:16:03,106.4900,9,2
2026-02-13,000858,13:16:06,106.4900,7,2
2026-02-13,000858,13:16:09,106.4900,15,2
2026-02-13,000858,13:16:12,106.5000,13,1
2026-02-13,000858,13:16:15,106.4900,20,2
2026-02-13,000858,13:16:18,106.4900,4,2
2026-02-13,000858,13:16:21,106.4900,22,2
2026-02-13,000858,13:16:24,106.5000,20,1
2026-02-13,000858,13:16:27,106.5000,12,1
2026-02-13,000858,13:16:30,106.4900,22,2
2026-02-13,000858,13:16:33,106.4900,13,2
2026-02-13,000858,13:16:36,106.4900,31,2
2026-02-13,000858,13:16:39,106.4900,21,2
2026-02-13,000858,13:16:42,106.4900,19,2
2026-02-13,000858,13:16:45,106.5000,2,1
2026-02-13,000858,13:16:48,106.4900,16,1
2026-02-13,000858,13:16:51,106.4800,56,2
2026-02-13,000858,13:16:54,106.4800,6,2
2026-02-13,000858,13:16:57,106.4800,48,2
2026-02-13,000858,13:17:00,106.4800,13,2
2026-02-13,000858,13:17:03,106.4800,4,2
2026-02-13,000858,13:17:06,106.4900,18,1
2026-02-13,000858,13:17:09,106.4800,50,2
2026-02-13,000858,13:17:12,106.4800,37,2
2026-02-13,000858,13:17:15,106.4800,17,2
2026-02-13,000858,13:17:18,106.4900,9,1
2026-02-13,000858,13:17:21,106.4900,4,1
2026-02-13,000858,13:17:24,106.4800,38,2
2026-02-13,000858,13:17:27,106.4900,3,1
2026-02-13,000858,13:17:30,106.4900,11,1
2026-02-13,000858,13:17:33,106.4800,1,2
2026-02-13,000858,13:17:36,106.4800,10,2
2026-02-13,000858,13:17:39,106.4800,14,2
2026-02-13,000858,13:17:42,106.4900,16,1
2026-02-13,000858,13:17:45,106.4700,4,2
2026-02-13,000858,13:17:48,106.4800,6,2
2026-02-13,000858,13:17:51,106.4800,7,4
2026-02-13,000858,13:17:54,106.4900,5,1
2026-02-13,000858,13:17:57,106.4700,7,2
2026-02-13,000858,13:18:00,106.4800,3,2
2026-02-13,000858,13:18:03,106.4700,8,2
2026-02-13,000858,13:18:06,106.4700,7,2
2026-02-13,000858,13:18:09,106.4700,1,2
2026-02-13,000858,13:18:12,106.4700,49,2
2026-02-13,000858,13:18:15,106.4700,3,2
2026-02-13,000858,13:18:18,106.4700,29,2
2026-02-13,000858,13:18:21,106.4700,14,2
2026-02-13,000858,13:18:24,106.4700,10,2
2026-02-13,000858,13:18:27,106.4600,38,2
2026-02-13,000858,13:18:30,106.4600,19,2
2026-02-13,000858,13:18:33,106.4600,3,2
2026-02-13,000858,13:18:36,106.4600,16,2
2026-02-13,000858,13:18:39,106.4600,13,2
2026-02-13,000858,13:18:42,106.4700,10,1
2026-02-13,000858,13:18:45,106.4600,7,2
2026-02-13,000858,13:18:48,106.4600,4,2
2026-02-13,000858,13:18:51,106.4600,24,2
2026-02-13,000858,13:18:54,106.4500,9,2
2026-02-13,000858,13:18:57,106.4600,4,1
2026-02-13,000858,13:19:00,106.4500,4,2
2026-02-13,000858,13:19:03,106.4500,1,2
2026-02-13,000858,13:19:09,106.4500,9,2
2026-02-13,000858,13:19:12,106.4700,65,1
2026-02-13,000858,13:19:15,106.4800,83,1
2026-02-13,000858,13:19:18,106.4700,5,2
2026-02-13,000858,13:19:24,106.4700,8,2
2026-02-13,000858,13:19:27,106.4700,19,2
2026-02-13,000858,13:19:30,106.4700,8,1
2026-02-13,000858,13:19:33,106.4700,11,1
2026-02-13,000858,13:19:36,106.4600,18,2
2026-02-13,000858,13:19:39,106.4600,30,2
2026-02-13,000858,13:19:42,106.4600,9,2
2026-02-13,000858,13:19:45,106.4700,19,2
2026-02-13,000858,13:19:48,106.4700,16,2
2026-02-13,000858,13:19:51,106.4800,3,1
2026-02-13,000858,13:19:54,106.4700,1,2
2026-02-13,000858,13:19:57,106.4800,7,1
2026-02-13,000858,13:20:00,106.4700,6,2
2026-02-13,000858,13:20:03,106.4700,9,2
2026-02-13,000858,13:20:06,106.4700,9,2
2026-02-13,000858,13:20:09,106.4700,20,2
2026-02-13,000858,13:20:12,106.4700,38,2
2026-02-13,000858,13:20:15,106.4700,21,2
2026-02-13,000858,13:20:18,106.4600,18,2
2026-02-13,000858,13:20:21,106.4600,44,2
2026-02-13,000858,13:20:24,106.4600,17,4
2026-02-13,000858,13:20:27,106.4400,94,2
2026-02-13,000858,13:20:30,106.4700,75,1
2026-02-13,000858,13:20:33,106.4600,19,2
2026-02-13,000858,13:20:36,106.4600,36,2
2026-02-13,000858,13:20:39,106.4600,7,2
2026-02-13,000858,13:20:42,106.4600,7,2
2026-02-13,000858,13:20:45,106.4700,18,1
2026-02-13,000858,13:20:48,106.4600,3,2
2026-02-13,000858,13:20:51,106.4600,3,2
2026-02-13,000858,13:20:54,106.4600,10,2
2026-02-13,000858,13:20:57,106.4600,13,2
2026-02-13,000858,13:21:00,106.4600,4,2
2026-02-13,000858,13:21:03,106.4700,12,1
2026-02-13,000858,13:21:06,106.4600,22,2
2026-02-13,000858,13:21:09,106.4600,2,2
2026-02-13,000858,13:21:12,106.4600,10,2
2026-02-13,000858,13:21:15,106.4700,50,1
2026-02-13,000858,13:21:18,106.4700,12,1
2026-02-13,000858,13:21:21,106.4600,119,2
2026-02-13,000858,13:21:24,106.4600,18,2
2026-02-13,000858,13:21:27,106.4600,16,2
2026-02-13,000858,13:21:30,106.4600,9,2
2026-02-13,000858,13:21:33,106.4600,25,2
2026-02-13,000858,13:21:36,106.4600,11,2
2026-02-13,000858,13:21:39,106.4600,50,2
2026-02-13,000858,13:21:42,106.4700,6,1
2026-02-13,000858,13:21:45,106.4600,3,2
2026-02-13,000858,13:21:48,106.4600,27,2
2026-02-13,000858,13:21:51,106.4700,5,1
2026-02-13,000858,13:21:54,106.4700,18,1
2026-02-13,000858,13:21:57,106.4600,6,2
2026-02-13,000858,13:22:00,106.4600,11,2
2026-02-13,000858,13:22:03,106.4600,11,2
2026-02-13,000858,13:22:06,106.4600,5,2
2026-02-13,000858,13:22:09,106.4600,4,2
2026-02-13,000858,13:22:12,106.4600,36,2
2026-02-13,000858,13:22:15,106.4600,14,2
2026-02-13,000858,13:22:21,106.4600,5,2
2026-02-13,000858,13:22:24,106.4600,6,2
2026-02-13,000858,13:22:27,106.4600,12,2
2026-02-13,000858,13:22:30,106.4600,3,2
2026-02-13,000858,13:22:33,106.4600,27,2
2026-02-13,000858,13:22:36,106.4600,51,2
2026-02-13,000858,13:22:39,106.4600,9,2
2026-02-13,000858,13:22:42,106.4600,75,2
2026-02-13,000858,13:22:45,106.4600,5,2
2026-02-13,000858,13:22:48,106.4500,18,2
2026-02-13,000858,13:22:51,106.4600,5,1
2026-02-13,000858,13:22:54,106.4500,4,2
2026-02-13,000858,13:22:57,106.4600,9,1
2026-02-13,000858,13:23:00,106.4600,17,1
2026-02-13,000858,13:23:03,106.4600,23,1
2026-02-13,000858,13:23:06,106.4500,25,2
2026-02-13,000858,13:23:09,106.4500,11,2
2026-02-13,000858,13:23:12,106.4500,5,2
2026-02-13,000858,13:23:15,106.4600,3,1
2026-02-13,000858,13:23:18,106.4500,6,2
2026-02-13,000858,13:23:21,106.4600,11,1
2026-02-13,000858,13:23:24,106.4600,8,1
2026-02-13,000858,13:23:27,106.4500,13,2
2026-02-13,000858,13:23:30,106.4500,51,2
2026-02-13,000858,13:23:33,106.4600,18,1
2026-02-13,000858,13:23:36,106.4500,4,2
2026-02-13,000858,13:23:39,106.4500,3,2
2026-02-13,000858,13:23:42,106.4500,3,2
2026-02-13,000858,13:23:45,106.4600,4,1
2026-02-13,000858,13:23:48,106.4700,5,1
2026-02-13,000858,13:23:51,106.4600,14,2
2026-02-13,000858,13:23:54,106.4600,8,2
2026-02-13,000858,13:23:57,106.4700,14,1
2026-02-13,000858,13:24:00,106.4600,9,2
2026-02-13,000858,13:24:03,106.4600,12,2
2026-02-13,000858,13:24:06,106.4700,19,1
2026-02-13,000858,13:24:09,106.4600,5,2
2026-02-13,000858,13:24:12,106.4700,13,1
2026-02-13,000858,13:24:15,106.4600,112,2
2026-02-13,000858,13:24:18,106.4700,32,1
2026-02-13,000858,13:24:21,106.4700,11,1
2026-02-13,000858,13:24:24,106.4600,16,2
2026-02-13,000858,13:24:27,106.4700,24,1
2026-02-13,000858,13:24:30,106.4600,5,2
2026-02-13,000858,13:24:33,106.4600,20,2
2026-02-13,000858,13:24:36,106.4600,4,2
2026-02-13,000858,13:24:39,106.4700,14,1
2026-02-13,000858,13:24:42,106.4600,51,2
2026-02-13,000858,13:24:45,106.4600,37,2
2026-02-13,000858,13:24:48,106.4600,64,2
2026-02-13,000858,13:24:51,106.4600,37,2
2026-02-13,000858,13:24:54,106.4600,15,2
2026-02-13,000858,13:24:57,106.4600,7,2
2026-02-13,000858,13:25:00,106.4600,16,2
2026-02-13,000858,13:25:03,106.4700,57,1
2026-02-13,000858,13:25:06,106.4600,29,2
2026-02-13,000858,13:25:09,106.4700,22,2
2026-02-13,000858,13:25:12,106.4700,1,2
2026-02-13,000858,13:25:15,106.4700,3,2
2026-02-13,000858,13:25:18,106.4700,19,1
2026-02-13,000858,13:25:21,106.4700,9,2
2026-02-13,000858,13:25:24,106.4700,13,2
2026-02-13,000858,13:25:27,106.4700,7,2
2026-02-13,000858,13:25:30,106.4700,14,2
2026-02-13,000858,13:25:33,106.4700,8,1
2026-02-13,000858,13:25:36,106.4700,8,1
2026-02-13,000858,13:25:39,106.4700,27,1
2026-02-13,000858,13:25:42,106.4800,2,1
2026-02-13,000858,13:25:45,106.4700,7,2
2026-02-13,000858,13:25:48,106.4700,27,2
2026-02-13,000858,13:25:51,106.4800,20,1
2026-02-13,000858,13:25:54,106.4700,15,2
2026-02-13,000858,13:25:57,106.4800,17,1
2026-02-13,000858,13:26:00,106.4700,5,2
2026-02-13,000858,13:26:03,106.4700,13,2
2026-02-13,000858,13:26:06,106.4700,52,1
2026-02-13,000858,13:26:09,106.4600,79,2
2026-02-13,000858,13:26:12,106.4800,29,1
2026-02-13,000858,13:26:15,106.4600,4,2
2026-02-13,000858,13:26:18,106.4600,3,2
2026-02-13,000858,13:26:21,106.4600,8,2
2026-02-13,000858,13:26:24,106.4600,22,2
2026-02-13,000858,13:26:27,106.4700,4,1
2026-02-13,000858,13:26:30,106.4700,15,1
2026-02-13,000858,13:26:33,106.4700,1,2
2026-02-13,000858,13:26:36,106.4700,21,2
2026-02-13,000858,13:26:39,106.4800,23,1
2026-02-13,000858,13:26:45,106.4700,1,2
2026-02-13,000858,13:26:51,106.4900,86,1
2026-02-13,000858,13:26:54,106.4800,20,4
2026-02-13,000858,13:26:57,106.4900,9,1
2026-02-13,000858,13:27:00,106.4700,18,2
2026-02-13,000858,13:27:03,106.4700,27,2
2026-02-13,000858,13:27:06,106.4900,34,1
2026-02-13,000858,13:27:09,106.4700,19,1
2026-02-13,000858,13:27:12,106.4700,6,1
2026-02-13,000858,13:27:15,106.4600,10,2
2026-02-13,000858,13:27:21,106.4700,55,1
2026-02-13,000858,13:27:24,106.4600,77,2
2026-02-13,000858,13:27:27,106.4600,18,2
2026-02-13,000858,13:27:30,106.4700,9,1
2026-02-13,000858,13:27:33,106.4700,2,1
2026-02-13,000858,13:27:36,106.4600,8,2
2026-02-13,000858,13:27:39,106.4600,40,2
2026-02-13,000858,13:27:42,106.4600,14,2
2026-02-13,000858,13:27:45,106.4600,9,2
2026-02-13,000858,13:27:48,106.4600,451,2
2026-02-13,000858,13:27:51,106.4800,193,1
2026-02-13,000858,13:27:54,106.4800,48,1
2026-02-13,000858,13:27:57,106.4500,30,2
2026-02-13,000858,13:28:00,106.4500,9,2
2026-02-13,000858,13:28:03,106.4800,11,1
2026-02-13,000858,13:28:06,106.4500,13,2
2026-02-13,000858,13:28:09,106.4700,22,1
2026-02-13,000858,13:28:12,106.4500,21,2
2026-02-13,000858,13:28:15,106.4400,14,2
2026-02-13,000858,13:28:18,106.4400,16,2
2026-02-13,000858,13:28:21,106.4400,21,2
2026-02-13,000858,13:28:24,106.4400,6,2
2026-02-13,000858,13:28:27,106.4400,13,2
2026-02-13,000858,13:28:30,106.4400,6,2
2026-02-13,000858,13:28:33,106.4400,52,2
2026-02-13,000858,13:28:36,106.4400,28,2
2026-02-13,000858,13:28:39,106.4400,64,2
2026-02-13,000858,13:28:42,106.4400,55,2
2026-02-13,000858,13:28:45,106.4400,43,2
2026-02-13,000858,13:28:48,106.4400,16,2
2026-02-13,000858,13:28:51,106.4500,15,1
2026-02-13,000858,13:28:54,106.4700,5,1
2026-02-13,000858,13:28:57,106.4800,24,1
2026-02-13,000858,13:29:00,106.4400,11,2
2026-02-13,000858,13:29:03,106.4800,5,1
2026-02-13,000858,13:29:06,106.4600,34,1
2026-02-13,000858,13:29:09,106.4600,19,1
2026-02-13,000858,13:29:12,106.4500,26,2
2026-02-13,000858,13:29:15,106.4600,52,1
2026-02-13,000858,13:29:18,106.4500,12,2
2026-02-13,000858,13:29:21,106.4500,10,2
2026-02-13,000858,13:29:24,106.4500,6,2
2026-02-13,000858,13:29:27,106.4600,21,1
2026-02-13,000858,13:29:30,106.4600,42,1
2026-02-13,000858,13:29:33,106.4600,75,1
2026-02-13,000858,13:29:36,106.4500,10,2
2026-02-13,000858,13:29:39,106.4500,3,2
2026-02-13,000858,13:29:42,106.4500,15,2
2026-02-13,000858,13:29:45,106.4500,24,2
2026-02-13,000858,13:29:48,106.4500,71,2
2026-02-13,000858,13:29:51,106.4500,32,2
2026-02-13,000858,13:29:54,106.4500,24,2
2026-02-13,000858,13:29:57,106.4500,8,2
2026-02-13,000858,13:30:00,106.4500,58,2
2026-02-13,000858,13:30:03,106.4400,88,2
2026-02-13,000858,13:30:06,106.4300,121,2
2026-02-13,000858,13:30:09,106.4300,556,2
2026-02-13,000858,13:30:12,106.4300,33,1
2026-02-13,000858,13:30:15,106.4200,14,2
2026-02-13,000858,13:30:18,106.4200,33,2
2026-02-13,000858,13:30:21,106.4200,15,2
2026-02-13,000858,13:30:24,106.4200,33,2
2026-02-13,000858,13:30:27,106.4300,29,1
2026-02-13,000858,13:30:30,106.4200,58,2
2026-02-13,000858,13:30:33,106.4200,61,2
2026-02-13,000858,13:30:36,106.4100,35,2
2026-02-13,000858,13:30:39,106.4100,14,2
2026-02-13,000858,13:30:42,106.4100,12,2
2026-02-13,000858,13:30:45,106.4100,26,2
2026-02-13,000858,13:30:48,106.4000,19,2
2026-02-13,000858,13:30:51,106.4000,13,2
2026-02-13,000858,13:30:54,106.4000,11,2
2026-02-13,000858,13:30:57,106.4100,11,1
2026-02-13,000858,13:31:00,106.4000,19,2
2026-02-13,000858,13:31:03,106.4100,4,1
2026-02-13,000858,13:31:06,106.4000,72,2
2026-02-13,000858,13:31:09,106.4000,205,2
2026-02-13,000858,13:31:12,106.4000,189,2
2026-02-13,000858,13:31:15,106.4000,12,1
2026-02-13,000858,13:31:18,106.3900,81,2
2026-02-13,000858,13:31:21,106.3900,12,2
2026-02-13,000858,13:31:24,106.3900,15,2
2026-02-13,000858,13:31:27,106.4000,27,1
2026-02-13,000858,13:31:30,106.3900,14,2
2026-02-13,000858,13:31:33,106.3900,37,2
2026-02-13,000858,13:31:36,106.3800,34,2
2026-02-13,000858,13:31:39,106.3900,18,1
2026-02-13,000858,13:31:42,106.3800,19,2
2026-02-13,000858,13:31:45,106.3800,49,2
2026-02-13,000858,13:31:48,106.3800,66,2
2026-02-13,000858,13:31:51,106.3800,18,2
2026-02-13,000858,13:31:54,106.3700,6,2
2026-02-13,000858,13:31:57,106.3700,29,2
2026-02-13,000858,13:32:00,106.3700,46,2
2026-02-13,000858,13:32:03,106.3800,15,1
2026-02-13,000858,13:32:06,106.3700,41,2
2026-02-13,000858,13:32:09,106.3700,7,2
2026-02-13,000858,13:32:12,106.3700,27,2
2026-02-13,000858,13:32:15,106.3700,64,2
2026-02-13,000858,13:32:18,106.3700,58,2
2026-02-13,000858,13:32:21,106.3600,48,2
2026-02-13,000858,13:32:24,106.3700,7,4
2026-02-13,000858,13:32:27,106.3600,8,2
2026-02-13,000858,13:32:30,106.3600,2,2
2026-02-13,000858,13:32:33,106.3700,42,1
2026-02-13,000858,13:32:36,106.3600,48,2
2026-02-13,000858,13:32:39,106.3600,14,1
2026-02-13,000858,13:32:42,106.3500,42,2
2026-02-13,000858,13:32:45,106.3400,34,2
2026-02-13,000858,13:32:48,106.3600,6,1
2026-02-13,000858,13:32:51,106.3400,4,2
2026-02-13,000858,13:32:54,106.3400,5,2
2026-02-13,000858,13:32:57,106.3500,15,1
2026-02-13,000858,13:33:00,106.3400,4,2
2026-02-13,000858,13:33:03,106.3500,47,1
2026-02-13,000858,13:33:06,106.3400,103,2
2026-02-13,000858,13:33:09,106.3300,24,2
2026-02-13,000858,13:33:12,106.3300,16,2
2026-02-13,000858,13:33:15,106.3300,103,2
2026-02-13,000858,13:33:18,106.3300,6,1
2026-02-13,000858,13:33:21,106.3200,2,2
2026-02-13,000858,13:33:24,106.3200,22,2
2026-02-13,000858,13:33:27,106.3300,20,1
2026-02-13,000858,13:33:30,106.3200,12,2
2026-02-13,000858,13:33:33,106.3200,7,4
2026-02-13,000858,13:33:36,106.3100,23,2
2026-02-13,000858,13:33:39,106.3100,18,2
2026-02-13,000858,13:33:42,106.3100,26,2
2026-02-13,000858,13:33:45,106.3100,12,2
2026-02-13,000858,13:33:48,106.3100,25,2
2026-02-13,000858,13:33:51,106.3100,36,1
2026-02-13,000858,13:33:54,106.3000,68,2
2026-02-13,000858,13:33:57,106.3000,17,2
2026-02-13,000858,13:34:00,106.3000,47,2
2026-02-13,000858,13:34:03,106.3000,59,2
2026-02-13,000858,13:34:06,106.3000,69,2
2026-02-13,000858,13:34:09,106.2900,20,2
2026-02-13,000858,13:34:12,106.2900,7,2
2026-02-13,000858,13:34:15,106.3000,20,1
2026-02-13,000858,13:34:18,106.2900,10,2
2026-02-13,000858,13:34:21,106.2900,30,2
2026-02-13,000858,13:34:24,106.2800,3,2
2026-02-13,000858,13:34:27,106.2800,15,2
2026-02-13,000858,13:34:30,106.2900,6,1
2026-02-13,000858,13:34:33,106.2900,13,1
2026-02-13,000858,13:34:36,106.2800,32,2
2026-02-13,000858,13:34:39,106.2800,7,2
2026-02-13,000858,13:34:42,106.2800,15,2
2026-02-13,000858,13:34:45,106.2800,127,1
2026-02-13,000858,13:34:48,106.2700,54,2
2026-02-13,000858,13:34:51,106.2700,33,2
2026-02-13,000858,13:34:54,106.2900,89,1
2026-02-13,000858,13:34:57,106.2700,71,2
2026-02-13,000858,13:35:00,106.2800,10,2
2026-02-13,000858,13:35:03,106.3000,16,1
2026-02-13,000858,13:35:06,106.2800,11,2
2026-02-13,000858,13:35:09,106.2800,27,2
2026-02-13,000858,13:35:12,106.2900,11,1
2026-02-13,000858,13:35:15,106.2900,10,1
2026-02-13,000858,13:35:18,106.2900,5,2
2026-02-13,000858,13:35:21,106.2900,9,2
2026-02-13,000858,13:35:24,106.3000,23,1
2026-02-13,000858,13:35:27,106.3000,6,1
2026-02-13,000858,13:35:30,106.2900,2,2
2026-02-13,000858,13:35:33,106.2900,10,2
2026-02-13,000858,13:35:39,106.2900,4,2
2026-02-13,000858,13:35:42,106.2900,6,2
2026-02-13,000858,13:35:45,106.2900,13,2
2026-02-13,000858,13:35:48,106.2900,6,2
2026-02-13,000858,13:35:51,106.2900,26,2
2026-02-13,000858,13:35:54,106.2900,34,1
2026-02-13,000858,13:35:57,106.2800,18,2
2026-02-13,000858,13:36:00,106.3000,18,1
2026-02-13,000858,13:36:03,106.2800,7,2
2026-02-13,000858,13:36:06,106.2800,7,2
2026-02-13,000858,13:36:09,106.2800,13,2
2026-02-13,000858,13:36:12,106.2800,6,2
2026-02-13,000858,13:36:15,106.2800,11,1
2026-02-13,000858,13:36:18,106.2900,14,1
2026-02-13,000858,13:36:21,106.2700,26,2
2026-02-13,000858,13:36:24,106.2700,7,2
2026-02-13,000858,13:36:27,106.2700,3,2
2026-02-13,000858,13:36:30,106.2800,5,1
2026-02-13,000858,13:36:33,106.2700,16,2
2026-02-13,000858,13:36:36,106.2800,9,1
2026-02-13,000858,13:36:39,106.2800,7,1
2026-02-13,000858,13:36:42,106.2800,56,2
2026-02-13,000858,13:36:45,106.2800,19,1
2026-02-13,000858,13:36:48,106.2900,25,1
2026-02-13,000858,13:36:51,106.2800,16,2
2026-02-13,000858,13:36:54,106.2800,2,2
2026-02-13,000858,13:36:57,106.2800,11,2
2026-02-13,000858,13:37:00,106.2800,4,2
2026-02-13,000858,13:37:03,106.2800,5,2
2026-02-13,000858,13:37:06,106.2900,10,1
2026-02-13,000858,13:37:09,106.2800,5,2
2026-02-13,000858,13:37:12,106.2800,5,2
2026-02-13,000858,13:37:15,106.2900,13,2
2026-02-13,000858,13:37:18,106.2800,5,2
2026-02-13,000858,13:37:21,106.2800,9,2
2026-02-13,000858,13:37:24,106.2900,8,1
2026-02-13,000858,13:37:27,106.2900,3,1
2026-02-13,000858,13:37:30,106.2900,35,1
2026-02-13,000858,13:37:33,106.2800,6,2
2026-02-13,000858,13:37:36,106.2800,8,2
2026-02-13,000858,13:37:39,106.2800,14,2
2026-02-13,000858,13:37:42,106.2800,9,2
2026-02-13,000858,13:37:45,106.2800,21,2
2026-02-13,000858,13:37:48,106.2800,14,2
2026-02-13,000858,13:37:51,106.2900,13,1
2026-02-13,000858,13:37:54,106.2800,3,2
2026-02-13,000858,13:37:57,106.2800,18,2
2026-02-13,000858,13:38:00,106.2900,3,4
2026-02-13,000858,13:38:03,106.2900,19,1
2026-02-13,000858,13:38:06,106.2500,590,2
2026-02-13,000858,13:38:09,106.2300,34,2
2026-02-13,000858,13:38:12,106.2300,21,2
2026-02-13,000858,13:38:15,106.2300,8,2
2026-02-13,000858,13:38:18,106.2300,11,2
2026-02-13,000858,13:38:21,106.2300,31,2
2026-02-13,000858,13:38:24,106.2300,10,2
2026-02-13,000858,13:38:27,106.2200,134,2
2026-02-13,000858,13:38:30,106.2300,5,1
2026-02-13,000858,13:38:33,106.2300,7,1
2026-02-13,000858,13:38:36,106.2200,18,2
2026-02-13,000858,13:38:39,106.2300,22,1
2026-02-13,000858,13:38:42,106.2400,84,1
2026-02-13,000858,13:38:45,106.2200,8,2
2026-02-13,000858,13:38:48,106.2300,17,2
2026-02-13,000858,13:38:51,106.2300,6,2
2026-02-13,000858,13:38:54,106.2500,12,1
2026-02-13,000858,13:38:57,106.2300,66,2
2026-02-13,000858,13:39:00,106.2200,13,2
2026-02-13,000858,13:39:03,106.2200,42,2
2026-02-13,000858,13:39:06,106.2500,46,1
2026-02-13,000858,13:39:09,106.2300,12,2
2026-02-13,000858,13:39:12,106.2400,4,4
2026-02-13,000858,13:39:15,106.2300,12,2
2026-02-13,000858,13:39:18,106.2400,101,1
2026-02-13,000858,13:39:21,106.2300,40,2
2026-02-13,000858,13:39:24,106.2300,34,2
2026-02-13,000858,13:39:27,106.2300,4,2
2026-02-13,000858,13:39:30,106.2400,3,1
2026-02-13,000858,13:39:33,106.2500,21,1
2026-02-13,000858,13:39:36,106.2500,5,1
2026-02-13,000858,13:39:39,106.2400,37,2
2026-02-13,000858,13:39:42,106.2400,2,2
2026-02-13,000858,13:39:45,106.2400,11,2
2026-02-13,000858,13:39:48,106.2400,12,2
2026-02-13,000858,13:39:51,106.2500,10,1
2026-02-13,000858,13:39:54,106.2400,17,2
2026-02-13,000858,13:39:57,106.2400,12,2
2026-02-13,000858,13:40:00,106.2500,17,1
2026-02-13,000858,13:40:03,106.2500,8,1
2026-02-13,000858,13:40:06,106.2500,84,1
2026-02-13,000858,13:40:09,106.2400,14,2
2026-02-13,000858,13:40:12,106.2400,61,2
2026-02-13,000858,13:40:15,106.2400,38,2
2026-02-13,000858,13:40:18,106.2400,2,2
2026-02-13,000858,13:40:21,106.2400,10,2
2026-02-13,000858,13:40:24,106.2400,44,1
2026-02-13,000858,13:40:27,106.2400,5,2
2026-02-13,000858,13:40:30,106.2400,4,2
2026-02-13,000858,13:40:33,106.2400,9,2
2026-02-13,000858,13:40:36,106.2400,20,2
2026-02-13,000858,13:40:39,106.2400,36,1
2026-02-13,000858,13:40:42,106.2400,15,2
2026-02-13,000858,13:40:45,106.2400,8,2
2026-02-13,000858,13:40:48,106.2400,3,2
2026-02-13,000858,13:40:51,106.2400,40,2
2026-02-13,000858,13:40:54,106.2400,18,2
2026-02-13,000858,13:40:57,106.2400,14,2
2026-02-13,000858,13:41:00,106.2500,42,1
2026-02-13,000858,13:41:03,106.2400,9,2
2026-02-13,000858,13:41:06,106.2500,9,1
2026-02-13,000858,13:41:09,106.2300,23,2
2026-02-13,000858,13:41:12,106.2300,54,2
2026-02-13,000858,13:41:15,106.2500,11,1
2026-02-13,000858,13:41:21,106.2400,17,2
2026-02-13,000858,13:41:24,106.2400,2,2
2026-02-13,000858,13:41:27,106.2500,3,1
2026-02-13,000858,13:41:30,106.2500,21,1
2026-02-13,000858,13:41:33,106.2700,330,1
2026-02-13,000858,13:41:36,106.2800,23,1
2026-02-13,000858,13:41:39,106.3200,282,1
2026-02-13,000858,13:41:42,106.3300,39,1
2026-02-13,000858,13:41:45,106.3300,129,1
2026-02-13,000858,13:41:48,106.3400,10,2
2026-02-13,000858,13:41:51,106.3700,10,1
2026-02-13,000858,13:41:54,106.3600,1,2
2026-02-13,000858,13:41:57,106.3900,81,1
2026-02-13,000858,13:42:00,106.3800,34,2
2026-02-13,000858,13:42:03,106.3900,17,1
2026-02-13,000858,13:42:06,106.3900,21,1
2026-02-13,000858,13:42:09,106.4000,49,1
2026-02-13,000858,13:42:12,106.4200,14,1
2026-02-13,000858,13:42:15,106.4000,188,2
2026-02-13,000858,13:42:18,106.4300,26,1
2026-02-13,000858,13:42:21,106.4300,38,2
2026-02-13,000858,13:42:24,106.4200,16,2
2026-02-13,000858,13:42:27,106.4400,7,1
2026-02-13,000858,13:42:30,106.4500,23,1
2026-02-13,000858,13:42:33,106.4400,9,2
2026-02-13,000858,13:42:36,106.4400,7,4
2026-02-13,000858,13:42:39,106.4500,2,1
2026-02-13,000858,13:42:42,106.4500,7,1
2026-02-13,000858,13:42:45,106.4500,7,1
2026-02-13,000858,13:42:48,106.4600,41,1
2026-02-13,000858,13:42:51,106.4400,27,2
2026-02-13,000858,13:42:54,106.4400,22,2
2026-02-13,000858,13:42:57,106.4500,22,1
2026-02-13,000858,13:43:00,106.4500,30,1
2026-02-13,000858,13:43:03,106.4400,12,2
2026-02-13,000858,13:43:06,106.4400,9,2
2026-02-13,000858,13:43:09,106.4400,10,2
2026-02-13,000858,13:43:12,106.4400,6,2
2026-02-13,000858,13:43:15,106.4400,64,2
2026-02-13,000858,13:43:18,106.4500,27,1
2026-02-13,000858,13:43:21,106.4500,28,1
2026-02-13,000858,13:43:24,106.4300,323,2
2026-02-13,000858,13:43:27,106.4300,19,1
2026-02-13,000858,13:43:30,106.4200,6,2
2026-02-13,000858,13:43:33,106.4200,3,2
2026-02-13,000858,13:43:36,106.4200,7,2
2026-02-13,000858,13:43:39,106.4300,17,1
2026-02-13,000858,13:43:42,106.4300,10,1
2026-02-13,000858,13:43:45,106.4300,5,1
2026-02-13,000858,13:43:48,106.4300,2,1
2026-02-13,000858,13:43:51,106.4300,5,1
2026-02-13,000858,13:43:54,106.4200,4,2
2026-02-13,000858,13:43:57,106.4200,8,2
2026-02-13,000858,13:44:00,106.4200,14,2
2026-02-13,000858,13:44:03,106.4200,4,2
2026-02-13,000858,13:44:06,106.4200,22,2
2026-02-13,000858,13:44:09,106.4200,113,2
2026-02-13,000858,13:44:12,106.4000,15,2
2026-02-13,000858,13:44:15,106.4000,17,2
2026-02-13,000858,13:44:18,106.4000,62,2
2026-02-13,000858,13:44:21,106.4000,71,2
2026-02-13,000858,13:44:24,106.4000,21,2
2026-02-13,000858,13:44:27,106.4000,18,2
2026-02-13,000858,13:44:30,106.4000,12,2
2026-02-13,000858,13:44:33,106.4000,27,2
2026-02-13,000858,13:44:36,106.4200,11,1
2026-02-13,000858,13:44:39,106.4000,15,2
2026-02-13,000858,13:44:42,106.4000,3,2
2026-02-13,000858,13:44:45,106.4100,9,1
2026-02-13,000858,13:44:48,106.4200,4,1
2026-02-13,000858,13:44:51,106.4000,16,2
2026-02-13,000858,13:44:54,106.4100,16,1
2026-02-13,000858,13:44:57,106.4100,10,2
2026-02-13,000858,13:45:00,106.4200,5,1
2026-02-13,000858,13:45:03,106.4100,10,2
2026-02-13,000858,13:45:06,106.4200,18,1
2026-02-13,000858,13:45:09,106.4100,23,2
2026-02-13,000858,13:45:12,106.4100,6,2
2026-02-13,000858,13:45:15,106.4100,3,2
2026-02-13,000858,13:45:18,106.4100,18,2
2026-02-13,000858,13:45:21,106.4100,6,2
2026-02-13,000858,13:45:24,106.4100,14,2
2026-02-13,000858,13:45:27,106.4100,14,2
2026-02-13,000858,13:45:30,106.4200,6,1
2026-02-13,000858,13:45:33,106.4100,14,2
2026-02-13,000858,13:45:36,106.4100,6,2
2026-02-13,000858,13:45:39,106.4200,19,1
2026-02-13,000858,13:45:42,106.4200,4,1
2026-02-13,000858,13:45:45,106.4100,25,2
2026-02-13,000858,13:45:48,106.4200,14,1
2026-02-13,000858,13:45:51,106.4100,4,2
2026-02-13,000858,13:45:54,106.4100,16,2
2026-02-13,000858,13:45:57,106.4100,13,2
2026-02-13,000858,13:46:00,106.4100,11,2
2026-02-13,000858,13:46:03,106.4100,10,1
2026-02-13,000858,13:46:06,106.4000,25,2
2026-02-13,000858,13:46:09,106.4100,14,1
2026-02-13,000858,13:46:12,106.4100,11,1
2026-02-13,000858,13:46:15,106.4000,71,2
2026-02-13,000858,13:46:18,106.4100,30,1
2026-02-13,000858,13:46:21,106.4000,6,2
2026-02-13,000858,13:46:24,106.4100,12,1
2026-02-13,000858,13:46:27,106.4100,13,1
2026-02-13,000858,13:46:30,106.4100,6,1
2026-02-13,000858,13:46:33,106.4000,13,2
2026-02-13,000858,13:46:36,106.4100,37,1
2026-02-13,000858,13:46:39,106.4100,15,1
2026-02-13,000858,13:46:42,106.4100,5,2
2026-02-13,000858,13:46:45,106.4200,16,1
2026-02-13,000858,13:46:48,106.4100,16,2
2026-02-13,000858,13:46:51,106.4100,17,2
2026-02-13,000858,13:46:54,106.4100,16,2
2026-02-13,000858,13:46:57,106.4100,27,2
2026-02-13,000858,13:47:03,106.4100,18,2
2026-02-13,000858,13:47:06,106.4100,25,2
2026-02-13,000858,13:47:09,106.4100,23,2
2026-02-13,000858,13:47:12,106.4100,37,2
2026-02-13,000858,13:47:15,106.4200,3,1
2026-02-13,000858,13:47:18,106.4100,22,2
2026-02-13,000858,13:47:21,106.4100,2,2
2026-02-13,000858,13:47:24,106.4100,25,2
2026-02-13,000858,13:47:27,106.4100,64,2
2026-02-13,000858,13:47:30,106.4100,88,2
2026-02-13,000858,13:47:33,106.4100,23,1
2026-02-13,000858,13:47:36,106.4000,9,2
2026-02-13,000858,13:47:39,106.4000,42,2
2026-02-13,000858,13:47:42,106.4000,9,2
2026-02-13,000858,13:47:45,106.4000,115,2
2026-02-13,000858,13:47:48,106.4000,26,2
2026-02-13,000858,13:47:51,106.4000,64,2
2026-02-13,000858,13:47:54,106.4000,17,2
2026-02-13,000858,13:47:57,106.4000,214,2
2026-02-13,000858,13:48:00,106.4100,31,1
2026-02-13,000858,13:48:03,106.4000,37,1
2026-02-13,000858,13:48:06,106.4000,31,2
2026-02-13,000858,13:48:09,106.4000,10,1
2026-02-13,000858,13:48:12,106.4000,19,2
2026-02-13,000858,13:48:15,106.4000,34,2
2026-02-13,000858,13:48:18,106.4000,12,2
2026-02-13,000858,13:48:21,106.4000,4,2
2026-02-13,000858,13:48:24,106.4000,5,2
2026-02-13,000858,13:48:27,106.4000,2,2
2026-02-13,000858,13:48:30,106.4000,16,2
2026-02-13,000858,13:48:33,106.4000,12,2
2026-02-13,000858,13:48:36,106.4000,64,2
2026-02-13,000858,13:48:39,106.3700,135,2
2026-02-13,000858,13:48:42,106.4000,12,1
2026-02-13,000858,13:48:45,106.3600,199,2
2026-02-13,000858,13:48:48,106.3900,27,1
2026-02-13,000858,13:48:51,106.3700,13,2
2026-02-13,000858,13:48:54,106.3400,8,2
2026-02-13,000858,13:48:57,106.3400,17,2
2026-02-13,000858,13:49:00,106.3400,12,2
2026-02-13,000858,13:49:03,106.3400,15,2
2026-02-13,000858,13:49:06,106.3500,22,4
2026-02-13,000858,13:49:09,106.3400,113,2
2026-02-13,000858,13:49:12,106.3700,11,1
2026-02-13,000858,13:49:18,106.3300,15,2
2026-02-13,000858,13:49:21,106.3400,1,1
2026-02-13,000858,13:49:24,106.3300,19,1
2026-02-13,000858,13:49:27,106.3300,7,2
2026-02-13,000858,13:49:30,106.3200,4,2
2026-02-13,000858,13:49:33,106.3100,29,2
2026-02-13,000858,13:49:36,106.3100,3,2
2026-02-13,000858,13:49:39,106.3200,7,1
2026-02-13,000858,13:49:42,106.3200,5,1
2026-02-13,000858,13:49:45,106.3100,13,2
2026-02-13,000858,13:49:48,106.3200,14,1
2026-02-13,000858,13:49:51,106.3000,11,2
2026-02-13,000858,13:49:57,106.3100,60,1
2026-02-13,000858,13:50:00,106.3000,5,2
2026-02-13,000858,13:50:03,106.3100,8,1
2026-02-13,000858,13:50:06,106.3100,16,1
2026-02-13,000858,13:50:09,106.3300,132,1
2026-02-13,000858,13:50:12,106.3300,20,2
2026-02-13,000858,13:50:15,106.3300,7,2
2026-02-13,000858,13:50:21,106.3300,3,2
2026-02-13,000858,13:50:24,106.3300,259,2
2026-02-13,000858,13:50:27,106.3300,49,1
2026-02-13,000858,13:50:30,106.3300,6,1
2026-02-13,000858,13:50:33,106.3200,9,2
2026-02-13,000858,13:50:36,106.3100,11,2
2026-02-13,000858,13:50:39,106.3200,2,1
2026-02-13,000858,13:50:42,106.3200,4,1
2026-02-13,000858,13:50:45,106.3100,29,2
2026-02-13,000858,13:50:48,106.3000,30,2
2026-02-13,000858,13:50:51,106.3000,9,2
2026-02-13,000858,13:50:54,106.2800,19,2
2026-02-13,000858,13:50:57,106.2800,2,2
2026-02-13,000858,13:51:00,106.2600,8,2
2026-02-13,000858,13:51:03,106.2600,21,2
2026-02-13,000858,13:51:06,106.2600,3,4
2026-02-13,000858,13:51:09,106.2700,6,1
2026-02-13,000858,13:51:12,106.2600,31,2
2026-02-13,000858,13:51:15,106.2600,11,2
2026-02-13,000858,13:51:18,106.2600,1,1
2026-02-13,000858,13:51:21,106.2500,20,2
2026-02-13,000858,13:51:24,106.2500,19,2
2026-02-13,000858,13:51:27,106.2600,12,1
2026-02-13,000858,13:51:30,106.2600,10,2
2026-02-13,000858,13:51:33,106.2600,4,2
2026-02-13,000858,13:51:36,106.2700,17,1
2026-02-13,000858,13:51:39,106.2600,4,2
2026-02-13,000858,13:51:42,106.2600,6,2
2026-02-13,000858,13:51:45,106.2600,9,2
2026-02-13,000858,13:51:51,106.2600,13,2
2026-02-13,000858,13:51:54,106.2500,24,2
2026-02-13,000858,13:51:57,106.2500,8,2
2026-02-13,000858,13:52:00,106.2700,3,1
2026-02-13,000858,13:52:03,106.2600,8,2
2026-02-13,000858,13:52:06,106.2800,17,1
2026-02-13,000858,13:52:09,106.2700,45,2
2026-02-13,000858,13:52:12,106.2800,12,2
2026-02-13,000858,13:52:15,106.2900,12,2
2026-02-13,000858,13:52:18,106.2900,6,2
2026-02-13,000858,13:52:21,106.2800,3,2
2026-02-13,000858,13:52:24,106.2800,22,2
2026-02-13,000858,13:52:27,106.2800,7,2
2026-02-13,000858,13:52:30,106.2900,27,1
2026-02-13,000858,13:52:33,106.2600,12,2
2026-02-13,000858,13:52:36,106.2300,47,2
2026-02-13,000858,13:52:39,106.2500,14,1
2026-02-13,000858,13:52:42,106.2300,14,2
2026-02-13,000858,13:52:45,106.2700,9,1
2026-02-13,000858,13:52:48,106.2300,16,2
2026-02-13,000858,13:52:51,106.2300,8,2
2026-02-13,000858,13:52:54,106.2300,56,2
2026-02-13,000858,13:52:57,106.2200,63,2
2026-02-13,000858,13:53:00,106.2200,10,2
2026-02-13,000858,13:53:03,106.2200,2,2
2026-02-13,000858,13:53:06,106.2200,27,2
2026-02-13,000858,13:53:09,106.2200,11,2
2026-02-13,000858,13:53:12,106.2100,24,2
2026-02-13,000858,13:53:15,106.2300,69,1
2026-02-13,000858,13:53:18,106.2100,51,2
2026-02-13,000858,13:53:21,106.2200,85,1
2026-02-13,000858,13:53:24,106.2200,27,1
2026-02-13,000858,13:53:27,106.2100,106,2
2026-02-13,000858,13:53:30,106.2200,5,2
2026-02-13,000858,13:53:33,106.2200,11,2
2026-02-13,000858,13:53:36,106.2200,40,2
2026-02-13,000858,13:53:39,106.2200,156,2
2026-02-13,000858,13:53:42,106.2100,51,2
2026-02-13,000858,13:53:45,106.2200,28,1
2026-02-13,000858,13:53:48,106.2100,51,2
2026-02-13,000858,13:53:51,106.2100,6,1
2026-02-13,000858,13:53:54,106.2000,21,2
2026-02-13,000858,13:53:57,106.2000,8,2
2026-02-13,000858,13:54:00,106.2000,38,2
2026-02-13,000858,13:54:03,106.2000,23,2
2026-02-13,000858,13:54:06,106.2100,34,1
2026-02-13,000858,13:54:09,106.2100,33,1
2026-02-13,000858,13:54:12,106.2000,27,2
2026-02-13,000858,13:54:15,106.2100,18,1
2026-02-13,000858,13:54:21,106.2100,32,1
2026-02-13,000858,13:54:24,106.2000,44,2
2026-02-13,000858,13:54:27,106.2000,40,2
2026-02-13,000858,13:54:30,106.2000,15,2
2026-02-13,000858,13:54:33,106.2100,22,1
2026-02-13,000858,13:54:36,106.2100,15,1
2026-02-13,000858,13:54:39,106.2000,15,2
2026-02-13,000858,13:54:42,106.2100,17,1
2026-02-13,000858,13:54:45,106.2000,17,2
2026-02-13,000858,13:54:48,106.2000,12,2
2026-02-13,000858,13:54:51,106.2100,37,1
2026-02-13,000858,13:54:54,106.2100,69,1
2026-02-13,000858,13:54:57,106.2100,12,1
2026-02-13,000858,13:55:00,106.2100,13,1
2026-02-13,000858,13:55:03,106.2100,26,2
2026-02-13,000858,13:55:06,106.2100,30,2
2026-02-13,000858,13:55:09,106.2200,40,1
2026-02-13,000858,13:55:12,106.2100,4,2
2026-02-13,000858,13:55:15,106.2200,30,1
2026-02-13,000858,13:55:18,106.2200,8,2
2026-02-13,000858,13:55:21,106.2200,11,2
2026-02-13,000858,13:55:24,106.2200,23,2
2026-02-13,000858,13:55:27,106.2300,8,1
2026-02-13,000858,13:55:30,106.2300,9,4
2026-02-13,000858,13:55:33,106.2200,22,2
2026-02-13,000858,13:55:36,106.2500,3,1
2026-02-13,000858,13:55:39,106.2200,5,2
2026-02-13,000858,13:55:42,106.2200,21,2
2026-02-13,000858,13:55:45,106.2400,2,1
2026-02-13,000858,13:55:48,106.2400,10,1
2026-02-13,000858,13:55:51,106.2300,18,2
2026-02-13,000858,13:55:54,106.2400,2,4
2026-02-13,000858,13:55:57,106.2400,4,4
2026-02-13,000858,13:56:00,106.2300,9,2
2026-02-13,000858,13:56:03,106.2300,8,2
2026-02-13,000858,13:56:06,106.2300,17,2
2026-02-13,000858,13:56:09,106.2300,24,2
2026-02-13,000858,13:56:12,106.2200,26,2
2026-02-13,000858,13:56:15,106.2200,12,2
2026-02-13,000858,13:56:18,106.2200,16,2
2026-02-13,000858,13:56:21,106.2200,2,2
2026-02-13,000858,13:56:24,106.2100,16,2
2026-02-13,000858,13:56:27,106.2100,12,2
2026-02-13,000858,13:56:30,106.2100,105,2
2026-02-13,000858,13:56:33,106.2100,27,2
2026-02-13,000858,13:56:36,106.2100,14,2
2026-02-13,000858,13:56:39,106.2100,16,2
2026-02-13,000858,13:56:42,106.2100,12,2
2026-02-13,000858,13:56:45,106.2100,10,2
2026-02-13,000858,13:56:48,106.2100,16,2
2026-02-13,000858,13:56:51,106.2100,3,2
2026-02-13,000858,13:56:54,106.2100,16,2
2026-02-13,000858,13:56:57,106.2100,13,2
2026-02-13,000858,13:57:00,106.2100,39,1
2026-02-13,000858,13:57:06,106.2000,28,2
2026-02-13,000858,13:57:09,106.2100,24,1
2026-02-13,000858,13:57:12,106.2100,2,2
2026-02-13,000858,13:57:15,106.2100,6,2
2026-02-13,000858,13:57:18,106.2100,14,2
2026-02-13,000858,13:57:21,106.2100,32,2
2026-02-13,000858,13:57:24,106.2100,23,2
2026-02-13,000858,13:57:27,106.2100,9,2
2026-02-13,000858,13:57:30,106.2100,4,2
2026-02-13,000858,13:57:33,106.2100,18,2
2026-02-13,000858,13:57:36,106.2200,10,1
2026-02-13,000858,13:57:39,106.2100,15,2
2026-02-13,000858,13:57:42,106.2200,7,1
2026-02-13,000858,13:57:45,106.2100,31,2
2026-02-13,000858,13:57:48,106.2100,8,2
2026-02-13,000858,13:57:51,106.2100,55,2
2026-02-13,000858,13:57:54,106.2300,54,1
2026-02-13,000858,13:57:57,106.2300,21,1
2026-02-13,000858,13:58:00,106.2200,2,2
2026-02-13,000858,13:58:03,106.2300,3,1
2026-02-13,000858,13:58:06,106.2300,29,1
2026-02-13,000858,13:58:09,106.2200,16,2
2026-02-13,000858,13:58:12,106.2200,6,2
2026-02-13,000858,13:58:15,106.2200,14,1
2026-02-13,000858,13:58:18,106.2200,15,2
2026-02-13,000858,13:58:21,106.2200,9,2
2026-02-13,000858,13:58:24,106.2200,63,2
2026-02-13,000858,13:58:27,106.2200,21,2
2026-02-13,000858,13:58:30,106.2200,10,2
2026-02-13,000858,13:58:33,106.2200,63,2
2026-02-13,000858,13:58:36,106.2200,55,2
2026-02-13,000858,13:58:39,106.2200,28,2
2026-02-13,000858,13:58:42,106.2200,24,2
2026-02-13,000858,13:58:45,106.2200,13,2
2026-02-13,000858,13:58:48,106.2200,14,2
2026-02-13,000858,13:58:51,106.2300,9,1
2026-02-13,000858,13:58:54,106.2200,2,2
2026-02-13,000858,13:58:57,106.2200,4,2
2026-02-13,000858,13:59:00,106.2200,47,2
2026-02-13,000858,13:59:03,106.2200,58,2
2026-02-13,000858,13:59:06,106.2200,18,2
2026-02-13,000858,13:59:09,106.2200,6,2
2026-02-13,000858,13:59:12,106.2300,4,1
2026-02-13,000858,13:59:15,106.2300,10,1
2026-02-13,000858,13:59:18,106.2200,13,2
2026-02-13,000858,13:59:21,106.2200,5,2
2026-02-13,000858,13:59:24,106.2300,2,1
2026-02-13,000858,13:59:27,106.2300,12,1
2026-02-13,000858,13:59:30,106.2200,22,2
2026-02-13,000858,13:59:33,106.2200,13,2
2026-02-13,000858,13:59:36,106.2200,11,2
2026-02-13,000858,13:59:39,106.2200,11,2
2026-02-13,000858,13:59:42,106.2200,26,2
2026-02-13,000858,13:59:45,106.2200,19,2
2026-02-13,000858,13:59:48,106.2200,35,2
2026-02-13,000858,13:59:51,106.2300,28,1
2026-02-13,000858,13:59:54,106.2200,14,2
2026-02-13,000858,13:59:57,106.2300,4,1
2026-02-13,000858,14:00:00,106.2300,3,2
2026-02-13,000858,14:00:03,106.2300,5,2
2026-02-13,000858,14:00:06,106.2300,4,2
2026-02-13,000858,14:00:09,106.2300,2,2
2026-02-13,000858,14:00:12,106.2300,32,2
2026-02-13,000858,14:00:15,106.2400,5,1
2026-02-13,000858,14:00:18,106.2500,39,1
2026-02-13,000858,14:00:21,106.2500,16,1
2026-02-13,000858,14:00:24,106.2400,41,2
2026-02-13,000858,14:00:27,106.2500,54,1
2026-02-13,000858,14:00:30,106.2500,17,1
2026-02-13,000858,14:00:33,106.2500,13,2
2026-02-13,000858,14:00:36,106.2500,8,2
2026-02-13,000858,14:00:39,106.2500,13,2
2026-02-13,000858,14:00:42,106.2500,9,2
2026-02-13,000858,14:00:45,106.2600,19,4
2026-02-13,000858,14:00:48,106.2700,23,1
2026-02-13,000858,14:00:51,106.2700,10,2
2026-02-13,000858,14:00:54,106.2800,2,1
2026-02-13,000858,14:00:57,106.2800,3,1
2026-02-13,000858,14:01:00,106.2700,14,2
2026-02-13,000858,14:01:03,106.2800,9,1
2026-02-13,000858,14:01:06,106.2700,8,2
2026-02-13,000858,14:01:09,106.2800,44,1
2026-02-13,000858,14:01:12,106.2800,35,1
2026-02-13,000858,14:01:15,106.2800,7,2
2026-02-13,000858,14:01:18,106.2800,12,2
2026-02-13,000858,14:01:21,106.2800,12,2
2026-02-13,000858,14:01:24,106.2900,18,1
2026-02-13,000858,14:01:27,106.3000,32,1
2026-02-13,000858,14:01:30,106.2900,9,2
2026-02-13,000858,14:01:33,106.2900,6,2
2026-02-13,000858,14:01:36,106.3000,9,1
2026-02-13,000858,14:01:39,106.3000,16,1
2026-02-13,000858,14:01:42,106.3000,19,1
2026-02-13,000858,14:01:45,106.3200,80,1
2026-02-13,000858,14:01:48,106.3300,22,1
2026-02-13,000858,14:01:51,106.3200,25,2
2026-02-13,000858,14:01:54,106.3200,18,2
2026-02-13,000858,14:01:57,106.3300,14,1
2026-02-13,000858,14:02:00,106.3200,2,2
2026-02-13,000858,14:02:03,106.3200,57,2
2026-02-13,000858,14:02:06,106.3300,4,1
2026-02-13,000858,14:02:09,106.3200,32,2
2026-02-13,000858,14:02:12,106.3300,22,1
2026-02-13,000858,14:02:15,106.3300,16,1
2026-02-13,000858,14:02:18,106.3300,14,2
2026-02-13,000858,14:02:21,106.3300,35,2
2026-02-13,000858,14:02:24,106.3400,43,1
2026-02-13,000858,14:02:27,106.3300,9,2
2026-02-13,000858,14:02:30,106.3300,54,1
2026-02-13,000858,14:02:33,106.3400,31,1
2026-02-13,000858,14:02:39,106.3500,31,1
2026-02-13,000858,14:02:42,106.3600,41,1
2026-02-13,000858,14:02:45,106.3300,5,2
2026-02-13,000858,14:02:48,106.3300,19,2
2026-02-13,000858,14:02:51,106.3500,13,1
2026-02-13,000858,14:02:54,106.3300,1,2
2026-02-13,000858,14:02:57,106.3400,16,4
2026-02-13,000858,14:03:00,106.3400,13,4
2026-02-13,000858,14:03:03,106.3400,6,4
2026-02-13,000858,14:03:06,106.3300,11,2
2026-02-13,000858,14:03:09,106.3400,18,1
2026-02-13,000858,14:03:12,106.3300,17,2
2026-02-13,000858,14:03:15,106.3500,8,1
2026-02-13,000858,14:03:18,106.3400,2,2
2026-02-13,000858,14:03:21,106.3400,14,2
2026-02-13,000858,14:03:24,106.3500,8,1
2026-02-13,000858,14:03:27,106.3500,6,1
2026-02-13,000858,14:03:30,106.3500,19,1
2026-02-13,000858,14:03:33,106.3500,18,1
2026-02-13,000858,14:03:36,106.3500,90,2
2026-02-13,000858,14:03:39,106.3500,18,1
2026-02-13,000858,14:03:42,106.3600,78,1
2026-02-13,000858,14:03:45,106.3500,14,1
2026-02-13,000858,14:03:48,106.3500,55,2
2026-02-13,000858,14:03:51,106.3600,15,1
2026-02-13,000858,14:03:54,106.3700,16,1
2026-02-13,000858,14:03:57,106.3600,10,2
2026-02-13,000858,14:04:00,106.3700,4,1
2026-02-13,000858,14:04:03,106.3600,2,2
2026-02-13,000858,14:04:06,106.3700,8,1
2026-02-13,000858,14:04:09,106.3600,20,2
2026-02-13,000858,14:04:12,106.3700,17,1
2026-02-13,000858,14:04:15,106.3600,9,2
2026-02-13,000858,14:04:18,106.3700,7,1
2026-02-13,000858,14:04:21,106.3600,9,2
2026-02-13,000858,14:04:24,106.3600,156,2
2026-02-13,000858,14:04:27,106.3600,64,2
2026-02-13,000858,14:04:30,106.3600,36,2
2026-02-13,000858,14:04:33,106.3600,14,2
2026-02-13,000858,14:04:36,106.3600,5,2
2026-02-13,000858,14:04:39,106.3700,50,1
2026-02-13,000858,14:04:42,106.3700,17,1
2026-02-13,000858,14:04:45,106.3600,46,2
2026-02-13,000858,14:04:48,106.3000,574,2
2026-02-13,000858,14:04:51,106.2900,162,2
2026-02-13,000858,14:04:54,106.2800,40,2
2026-02-13,000858,14:04:57,106.2600,113,2
2026-02-13,000858,14:05:00,106.2400,24,2
2026-02-13,000858,14:05:03,106.2800,2,1
2026-02-13,000858,14:05:06,106.2500,2,2
2026-02-13,000858,14:05:09,106.2500,6,2
2026-02-13,000858,14:05:12,106.2500,6,2
2026-02-13,000858,14:05:15,106.2500,18,2
2026-02-13,000858,14:05:18,106.2600,2,1
2026-02-13,000858,14:05:21,106.2500,28,2
2026-02-13,000858,14:05:24,106.2500,45,1
2026-02-13,000858,14:05:27,106.2500,11,2
2026-02-13,000858,14:05:30,106.2500,12,2
2026-02-13,000858,14:05:33,106.2600,20,1
2026-02-13,000858,14:05:36,106.2600,2,2
2026-02-13,000858,14:05:39,106.2600,7,2
2026-02-13,000858,14:05:42,106.2700,11,1
2026-02-13,000858,14:05:45,106.2600,12,2
2026-02-13,000858,14:05:48,106.2600,14,2
2026-02-13,000858,14:05:51,106.2600,3,1
2026-02-13,000858,14:05:54,106.2500,9,2
2026-02-13,000858,14:05:57,106.2500,10,2
2026-02-13,000858,14:06:00,106.2500,6,2
2026-02-13,000858,14:06:03,106.2400,42,2
2026-02-13,000858,14:06:06,106.2300,33,2
2026-02-13,000858,14:06:09,106.2300,34,2
2026-02-13,000858,14:06:12,106.2300,12,2
2026-02-13,000858,14:06:15,106.2300,7,2
2026-02-13,000858,14:06:18,106.2200,11,2
2026-02-13,000858,14:06:21,106.2200,7,2
2026-02-13,000858,14:06:24,106.2300,15,1
2026-02-13,000858,14:06:27,106.2300,17,1
2026-02-13,000858,14:06:30,106.2300,25,1
2026-02-13,000858,14:06:33,106.2300,11,2
2026-02-13,000858,14:06:36,106.2300,3,1
2026-02-13,000858,14:06:39,106.2200,32,2
2026-02-13,000858,10:54:57,106.5900,9,1
2026-02-13,000858,10:55:00,106.5800,43,2
2026-02-13,000858,10:55:03,106.5800,48,2
2026-02-13,000858,10:55:06,106.5800,110,2
2026-02-13,000858,10:55:09,106.5700,13,2
2026-02-13,000858,10:55:12,106.5800,25,1
2026-02-13,000858,10:55:15,106.5700,16,2
2026-02-13,000858,10:55:18,106.5700,4,2
2026-02-13,000858,10:55:21,106.5700,26,2
2026-02-13,000858,10:55:24,106.5700,68,2
2026-02-13,000858,10:55:27,106.5700,36,2
2026-02-13,000858,10:55:30,106.5800,130,1
2026-02-13,000858,10:55:33,106.5700,114,2
2026-02-13,000858,10:55:36,106.5700,8,2
2026-02-13,000858,10:55:39,106.5700,17,2
2026-02-13,000858,10:55:42,106.5700,138,2
2026-02-13,000858,10:55:45,106.5700,21,2
2026-02-13,000858,10:55:48,106.5700,31,2
2026-02-13,000858,10:55:51,106.5800,10,1
2026-02-13,000858,10:55:54,106.5600,241,2
2026-02-13,000858,10:55:57,106.5600,27,2
2026-02-13,000858,10:56:00,106.5600,2,2
2026-02-13,000858,10:56:03,106.5600,42,2
2026-02-13,000858,10:56:06,106.5600,94,2
2026-02-13,000858,10:56:09,106.5600,18,1
2026-02-13,000858,10:56:12,106.5500,8,2
2026-02-13,000858,10:56:15,106.5500,3,2
2026-02-13,000858,10:56:18,106.5500,66,2
2026-02-13,000858,10:56:21,106.5500,118,2
2026-02-13,000858,10:56:27,106.5400,3,2
2026-02-13,000858,10:56:30,106.5500,34,1
2026-02-13,000858,10:56:33,106.5300,144,2
2026-02-13,000858,10:56:36,106.5500,19,1
2026-02-13,000858,10:56:39,106.5500,53,1
2026-02-13,000858,10:56:42,106.5400,2,1
2026-02-13,000858,10:56:45,106.5200,4,2
2026-02-13,000858,10:56:48,106.5300,2,1
2026-02-13,000858,10:56:51,106.5100,5,2
2026-02-13,000858,10:56:54,106.5100,18,2
2026-02-13,000858,10:56:57,106.5100,6,2
2026-02-13,000858,10:57:00,106.5100,12,2
2026-02-13,000858,10:57:03,106.5000,108,2
2026-02-13,000858,10:57:06,106.5100,3,1
2026-02-13,000858,10:57:09,106.5100,5,1
2026-02-13,000858,10:57:12,106.5000,25,2
2026-02-13,000858,10:57:15,106.5000,23,2
2026-02-13,000858,10:57:18,106.5000,49,2
2026-02-13,000858,10:57:21,106.5000,10,2
2026-02-13,000858,10:57:24,106.5000,20,2
2026-02-13,000858,10:57:27,106.5000,14,2
2026-02-13,000858,10:57:30,106.5000,38,2
2026-02-13,000858,10:57:33,106.5000,151,2
2026-02-13,000858,10:57:36,106.5100,45,1
2026-02-13,000858,10:57:39,106.5000,22,2
2026-02-13,000858,10:57:42,106.5000,66,2
2026-02-13,000858,10:57:45,106.5000,7,2
2026-02-13,000858,10:57:48,106.5000,243,2
2026-02-13,000858,10:57:51,106.5000,20,1
2026-02-13,000858,10:57:54,106.4900,6,2
2026-02-13,000858,10:57:57,106.4900,8,2
2026-02-13,000858,10:58:00,106.4900,3,2
2026-02-13,000858,10:58:03,106.5000,93,1
2026-02-13,000858,10:58:06,106.5100,17,1
2026-02-13,000858,10:58:09,106.5000,19,2
2026-02-13,000858,10:58:12,106.5100,15,1
2026-02-13,000858,10:58:15,106.5000,25,2
2026-02-13,000858,10:58:18,106.5100,13,1
2026-02-13,000858,10:58:21,106.5100,7,1
2026-02-13,000858,10:58:24,106.5100,4,1
2026-02-13,000858,10:58:27,106.5100,95,1
2026-02-13,000858,10:58:30,106.5000,24,2
2026-02-13,000858,10:58:33,106.5100,2,1
2026-02-13,000858,10:58:36,106.5000,3,2
2026-02-13,000858,10:58:39,106.5000,14,2
2026-02-13,000858,10:58:42,106.5100,107,1
2026-02-13,000858,10:58:48,106.5000,3,1
2026-02-13,000858,10:58:51,106.4900,3,2
2026-02-13,000858,10:58:54,106.4900,9,2
2026-02-13,000858,10:58:57,106.4900,25,2
2026-02-13,000858,10:59:00,106.5000,68,1
2026-02-13,000858,10:59:03,106.5100,16,1
2026-02-13,000858,10:59:06,106.5100,37,1
2026-02-13,000858,10:59:09,106.5000,33,2
2026-02-13,000858,10:59:12,106.5000,20,2
2026-02-13,000858,10:59:15,106.5000,25,2
2026-02-13,000858,10:59:18,106.5100,5,1
2026-02-13,000858,10:59:21,106.5100,9,1
2026-02-13,000858,10:59:24,106.5000,9,2
2026-02-13,000858,10:59:27,106.5000,12,2
2026-02-13,000858,10:59:30,106.5100,18,1
2026-02-13,000858,10:59:33,106.5000,10,2
2026-02-13,000858,10:59:36,106.5100,15,1
2026-02-13,000858,10:59:39,106.5000,168,2
2026-02-13,000858,10:59:42,106.5000,15,2
2026-02-13,000858,10:59:45,106.5000,7,2
2026-02-13,000858,10:59:48,106.5000,7,2
2026-02-13,000858,10:59:51,106.5100,23,1
2026-02-13,000858,10:59:54,106.5000,4,2
2026-02-13,000858,10:59:57,106.5000,27,2
2026-02-13,000858,11:00:00,106.5100,5,1
2026-02-13,000858,11:00:03,106.5100,17,1
2026-02-13,000858,11:00:06,106.5000,15,2
2026-02-13,000858,11:00:12,106.5100,1,1
2026-02-13,000858,11:00:15,106.5000,10,2
2026-02-13,000858,11:00:18,106.5100,11,1
2026-02-13,000858,11:00:21,106.5000,10,2
2026-02-13,000858,11:00:24,106.5000,23,2
2026-02-13,000858,11:00:27,106.5000,14,2
2026-02-13,000858,11:00:30,106.5000,7,2
2026-02-13,000858,11:00:33,106.5100,7,1
2026-02-13,000858,11:00:36,106.5000,5,2
2026-02-13,000858,11:00:39,106.5000,11,2
2026-02-13,000858,11:00:42,106.5000,92,2
2026-02-13,000858,11:00:45,106.5000,3,2
2026-02-13,000858,11:00:48,106.5100,16,1
2026-02-13,000858,11:00:51,106.5000,13,2
2026-02-13,000858,11:00:54,106.5100,59,1
2026-02-13,000858,11:00:57,106.5100,40,1
2026-02-13,000858,11:01:00,106.5100,20,2
2026-02-13,000858,11:01:03,106.5100,8,2
2026-02-13,000858,11:01:06,106.5100,29,2
2026-02-13,000858,11:01:12,106.5000,1,2
2026-02-13,000858,11:01:15,106.5000,1,2
2026-02-13,000858,11:01:18,106.5000,9,2
2026-02-13,000858,11:01:21,106.5000,16,2
2026-02-13,000858,11:01:24,106.5000,19,2
2026-02-13,000858,11:01:27,106.5100,7,1
2026-02-13,000858,11:01:30,106.5100,3,1
2026-02-13,000858,11:01:33,106.5000,12,2
2026-02-13,000858,11:01:36,106.5100,2,1
2026-02-13,000858,11:01:39,106.5000,39,2
2026-02-13,000858,11:01:42,106.5000,25,2
2026-02-13,000858,11:01:45,106.5100,34,1
2026-02-13,000858,11:01:48,106.5000,98,2
2026-02-13,000858,11:01:51,106.5100,57,1
2026-02-13,000858,11:01:54,106.5000,17,2
2026-02-13,000858,11:01:57,106.5000,25,2
2026-02-13,000858,11:02:00,106.5100,35,1
2026-02-13,000858,11:02:03,106.5100,102,1
2026-02-13,000858,11:02:06,106.5100,14,1
2026-02-13,000858,11:02:09,106.4900,106,2
2026-02-13,000858,11:02:12,106.4700,285,2
2026-02-13,000858,11:02:15,106.4700,481,2
2026-02-13,000858,11:02:18,106.4700,3,2
2026-02-13,000858,11:02:21,106.5000,63,1
2026-02-13,000858,11:02:24,106.5000,21,2
2026-02-13,000858,11:02:27,106.5000,12,2
2026-02-13,000858,11:02:30,106.5000,26,2
2026-02-13,000858,11:02:33,106.5000,14,2
2026-02-13,000858,11:02:36,106.5000,39,2
2026-02-13,000858,11:02:39,106.5000,38,2
2026-02-13,000858,11:02:42,106.5100,5,1
2026-02-13,000858,11:02:45,106.5000,8,2
2026-02-13,000858,11:02:48,106.5000,9,2
2026-02-13,000858,11:02:51,106.5000,9,2
2026-02-13,000858,11:02:54,106.5000,31,2
2026-02-13,000858,11:02:57,106.5000,3,2
2026-02-13,000858,11:03:00,106.5000,20,2
2026-02-13,000858,11:03:03,106.5000,16,2
2026-02-13,000858,11:03:06,106.5000,15,2
2026-02-13,000858,11:03:09,106.5000,10,2
2026-02-13,000858,11:03:12,106.5000,21,2
2026-02-13,000858,11:03:15,106.5000,21,2
2026-02-13,000858,11:03:18,106.5000,101,2
2026-02-13,000858,11:03:21,106.5000,74,2
2026-02-13,000858,11:03:24,106.5000,22,2
2026-02-13,000858,11:03:27,106.5000,41,2
2026-02-13,000858,11:03:30,106.5000,10,2
2026-02-13,000858,11:03:33,106.5000,25,2
2026-02-13,000858,11:03:36,106.4700,397,2
2026-02-13,000858,11:03:39,106.4800,53,1
2026-02-13,000858,11:03:42,106.4800,2,2
2026-02-13,000858,11:03:45,106.4800,2,2
2026-02-13,000858,11:03:48,106.4800,15,2
2026-02-13,000858,11:03:51,106.4800,10,2
2026-02-13,000858,11:03:54,106.4800,20,2
2026-02-13,000858,11:03:57,106.4800,12,2
2026-02-13,000858,11:04:00,106.4800,17,2
2026-02-13,000858,11:04:03,106.4900,20,1
2026-02-13,000858,11:04:06,106.4800,19,2
2026-02-13,000858,11:04:09,106.4800,12,2
2026-02-13,000858,11:04:12,106.4800,5,2
2026-02-13,000858,11:04:15,106.4700,3,2
2026-02-13,000858,11:04:18,106.4700,41,2
2026-02-13,000858,11:04:21,106.4700,23,2
2026-02-13,000858,11:04:24,106.4800,311,1
2026-02-13,000858,11:04:27,106.4000,9,2
2026-02-13,000858,11:04:30,106.4100,16,2
2026-02-13,000858,11:04:33,106.4000,88,2
2026-02-13,000858,11:04:36,106.4000,6,2
2026-02-13,000858,11:04:39,106.4000,35,2
2026-02-13,000858,11:04:42,106.4100,27,1
2026-02-13,000858,11:04:45,106.4000,50,2
2026-02-13,000858,11:04:48,106.3900,2,2
2026-02-13,000858,11:04:51,106.3900,6,2
2026-02-13,000858,11:04:54,106.3900,3,2
2026-02-13,000858,11:04:57,106.3900,37,2
2026-02-13,000858,11:05:00,106.3900,24,2
2026-02-13,000858,11:05:03,106.3900,14,2
2026-02-13,000858,11:05:06,106.3800,14,2
2026-02-13,000858,11:05:09,106.3800,9,2
2026-02-13,000858,11:05:12,106.3800,16,2
2026-02-13,000858,11:05:15,106.3800,28,2
2026-02-13,000858,11:05:21,106.3800,17,1
2026-02-13,000858,11:05:24,106.3700,8,2
2026-02-13,000858,11:05:27,106.3700,11,2
2026-02-13,000858,11:05:30,106.3700,21,2
2026-02-13,000858,11:05:36,106.3700,3,1
2026-02-13,000858,11:05:39,106.3600,14,2
2026-02-13,000858,11:05:42,106.3600,4,2
2026-02-13,000858,11:05:45,106.3600,8,1
2026-02-13,000858,11:05:48,106.3500,21,2
2026-02-13,000858,11:05:51,106.3500,3,1
2026-02-13,000858,11:05:54,106.3300,6,2
2026-02-13,000858,11:05:57,106.3300,6,2
2026-02-13,000858,11:06:00,106.3300,4,2
2026-02-13,000858,11:06:03,106.3200,15,2
2026-02-13,000858,11:06:06,106.3200,19,2
2026-02-13,000858,11:06:09,106.3200,7,2
2026-02-13,000858,11:06:12,106.3200,3,2
2026-02-13,000858,11:06:15,106.3200,29,2
2026-02-13,000858,11:06:18,106.3500,50,1
2026-02-13,000858,11:06:21,106.3500,41,1
2026-02-13,000858,11:06:24,106.3500,20,1
2026-02-13,000858,11:06:27,106.3500,4,2
2026-02-13,000858,11:06:30,106.3600,37,1
2026-02-13,000858,11:06:33,106.3600,14,1
2026-02-13,000858,11:06:36,106.3500,11,2
2026-02-13,000858,11:06:39,106.3500,4,2
2026-02-13,000858,11:06:42,106.3500,11,2
2026-02-13,000858,11:06:45,106.3500,12,2
2026-02-13,000858,11:06:48,106.3600,8,1
2026-02-13,000858,11:06:51,106.3500,9,2
2026-02-13,000858,11:06:54,106.3500,6,2
2026-02-13,000858,11:06:57,106.3600,9,1
2026-02-13,000858,11:07:00,106.3400,5,2
2026-02-13,000858,11:07:03,106.3500,4,2
2026-02-13,000858,11:07:06,106.3500,1,1
2026-02-13,000858,11:07:09,106.3500,1,1
2026-02-13,000858,11:07:12,106.3500,1,1
2026-02-13,000858,11:07:15,106.3400,27,2
2026-02-13,000858,11:07:18,106.3400,7,2
2026-02-13,000858,11:07:21,106.3400,32,2
2026-02-13,000858,11:07:24,106.3400,199,2
2026-02-13,000858,11:07:27,106.3400,38,2
2026-02-13,000858,11:07:30,106.3500,14,1
2026-02-13,000858,11:07:33,106.3400,8,2
2026-02-13,000858,11:07:36,106.3500,7,4
2026-02-13,000858,11:07:39,106.3500,10,2
2026-02-13,000858,11:07:42,106.3500,19,2
2026-02-13,000858,11:07:45,106.3500,26,2
2026-02-13,000858,11:07:48,106.3400,4,2
2026-02-13,000858,11:07:51,106.3400,5,2
2026-02-13,000858,11:07:54,106.3500,8,1
2026-02-13,000858,11:07:57,106.3500,10,1
2026-02-13,000858,11:08:00,106.3500,17,1
2026-02-13,000858,11:08:03,106.3400,2,2
2026-02-13,000858,11:08:06,106.3400,16,2
2026-02-13,000858,11:08:09,106.3400,4,2
2026-02-13,000858,11:08:12,106.3500,16,1
2026-02-13,000858,11:08:15,106.3400,36,2
2026-02-13,000858,11:08:18,106.3500,21,1
2026-02-13,000858,11:08:21,106.3400,17,2
2026-02-13,000858,11:08:24,106.3400,27,2
2026-02-13,000858,11:08:27,106.3400,24,2
2026-02-13,000858,11:08:30,106.3400,22,2
2026-02-13,000858,11:08:33,106.3400,20,2
2026-02-13,000858,11:08:36,106.3400,11,2
2026-02-13,000858,11:08:39,106.3400,4,2
2026-02-13,000858,11:08:42,106.3300,15,2
2026-02-13,000858,11:08:45,106.3300,38,2
2026-02-13,000858,11:08:48,106.3300,15,2
2026-02-13,000858,11:08:51,106.3300,8,2
2026-02-13,000858,11:08:54,106.3400,2,1
2026-02-13,000858,11:08:57,106.3300,15,2
2026-02-13,000858,11:09:00,106.3300,20,2
2026-02-13,000858,11:09:03,106.3400,8,1
2026-02-13,000858,11:09:06,106.3300,19,2
2026-02-13,000858,11:09:09,106.3300,17,2
2026-02-13,000858,11:09:12,106.3300,20,2
2026-02-13,000858,11:09:15,106.3300,61,2
2026-02-13,000858,11:09:18,106.3400,26,1
2026-02-13,000858,11:09:21,106.3400,24,2
2026-02-13,000858,11:09:24,106.3400,36,2
2026-02-13,000858,11:09:27,106.3400,6,2
2026-02-13,000858,11:09:30,106.3500,38,1
2026-02-13,000858,11:09:33,106.3400,9,2
2026-02-13,000858,11:09:36,106.3500,1,1
2026-02-13,000858,11:09:39,106.3400,24,2
2026-02-13,000858,11:09:42,106.3300,6,2
2026-02-13,000858,11:09:45,106.3300,5,2
2026-02-13,000858,11:09:48,106.3300,3,2
2026-02-13,000858,11:09:51,106.3300,35,2
2026-02-13,000858,11:09:54,106.3400,8,1
2026-02-13,000858,11:09:57,106.3300,5,2
2026-02-13,000858,11:10:00,106.3400,1,1
2026-02-13,000858,11:10:03,106.3300,15,2
2026-02-13,000858,11:10:06,106.3300,12,2
2026-02-13,000858,11:10:09,106.3300,28,1
2026-02-13,000858,11:10:12,106.3200,52,2
2026-02-13,000858,11:10:15,106.3200,161,2
2026-02-13,000858,11:10:18,106.3200,130,2
2026-02-13,000858,11:10:21,106.3100,20,2
2026-02-13,000858,11:10:24,106.3200,11,1
2026-02-13,000858,11:10:27,106.3100,66,2
2026-02-13,000858,11:10:30,106.3200,13,1
2026-02-13,000858,11:10:33,106.3200,13,2
2026-02-13,000858,11:10:36,106.3200,33,2
2026-02-13,000858,11:10:39,106.3300,13,1
2026-02-13,000858,11:10:42,106.3300,21,2
2026-02-13,000858,11:10:45,106.3300,30,2
2026-02-13,000858,11:10:48,106.3300,10,1
2026-02-13,000858,11:10:51,106.3300,4,1
2026-02-13,000858,11:10:54,106.3200,8,2
2026-02-13,000858,11:10:57,106.3200,37,2
2026-02-13,000858,11:11:00,106.3200,3,2
2026-02-13,000858,11:11:03,106.3300,23,1
2026-02-13,000858,11:11:06,106.3200,9,2
2026-02-13,000858,11:11:09,106.3200,9,2
2026-02-13,000858,11:11:12,106.3300,15,1
2026-02-13,000858,11:11:15,106.3100,8,2
2026-02-13,000858,11:11:18,106.3100,18,2
2026-02-13,000858,11:11:21,106.3100,1,2
2026-02-13,000858,11:11:24,106.3300,31,1
2026-02-13,000858,11:11:27,106.3300,2,1
2026-02-13,000858,11:11:30,106.3200,126,2
2026-02-13,000858,11:11:33,106.3200,7,1
2026-02-13,000858,11:11:36,106.3200,5,2
2026-02-13,000858,11:11:39,106.3200,5,2
2026-02-13,000858,11:11:42,106.3200,28,2
2026-02-13,000858,11:11:45,106.3200,25,2
2026-02-13,000858,11:11:48,106.3200,2,1
2026-02-13,000858,11:11:54,106.3200,62,1
2026-02-13,000858,11:11:57,106.3100,14,4
2026-02-13,000858,11:12:00,106.3100,6,1
2026-02-13,000858,11:12:03,106.3000,22,2
2026-02-13,000858,11:12:06,106.3000,110,2
2026-02-13,000858,11:12:09,106.3000,70,2
2026-02-13,000858,11:12:12,106.3000,72,2
2026-02-13,000858,11:12:15,106.3000,39,2
2026-02-13,000858,11:12:18,106.3000,1,2
2026-02-13,000858,11:12:21,106.2900,65,2
2026-02-13,000858,11:12:27,106.2900,59,2
2026-02-13,000858,11:12:30,106.2800,2,2
2026-02-13,000858,11:12:33,106.2800,6,2
2026-02-13,000858,11:12:36,106.2800,27,2
2026-02-13,000858,11:12:39,106.2700,3,2
2026-02-13,000858,11:12:42,106.2700,11,2
2026-02-13,000858,11:12:45,106.2800,10,1
2026-02-13,000858,11:12:51,106.2600,3,2
2026-02-13,000858,11:12:54,106.2600,6,2
2026-02-13,000858,11:12:57,106.2600,11,2
2026-02-13,000858,11:13:00,106.2600,2,1
2026-02-13,000858,11:13:03,106.2400,34,2
2026-02-13,000858,11:13:06,106.2500,26,1
2026-02-13,000858,11:13:09,106.2300,15,2
2026-02-13,000858,11:13:12,106.2400,11,4
2026-02-13,000858,11:13:15,106.2300,33,2
2026-02-13,000858,11:13:18,106.2300,20,4
2026-02-13,000858,11:13:21,106.2400,23,1
2026-02-13,000858,11:13:24,106.2100,41,2
2026-02-13,000858,11:13:27,106.2100,36,2
2026-02-13,000858,11:13:30,106.2200,22,1
2026-02-13,000858,11:13:33,106.2200,17,2
2026-02-13,000858,11:13:36,106.2300,10,1
2026-02-13,000858,11:13:39,106.2200,110,2
2026-02-13,000858,11:13:42,106.2200,38,4
2026-02-13,000858,11:13:45,106.2100,15,2
2026-02-13,000858,11:13:48,106.2200,22,1
2026-02-13,000858,11:13:51,106.2200,31,1
2026-02-13,000858,11:13:54,106.2100,60,2
2026-02-13,000858,11:13:57,106.2100,30,2
2026-02-13,000858,11:14:00,106.2100,49,2
2026-02-13,000858,11:14:03,106.2200,37,1
2026-02-13,000858,11:14:06,106.2200,37,1
2026-02-13,000858,11:14:09,106.2200,7,1
2026-02-13,000858,11:14:12,106.2300,33,1
2026-02-13,000858,11:14:15,106.2200,19,2
2026-02-13,000858,11:14:18,106.2300,1,1
2026-02-13,000858,11:14:21,106.2100,12,2
2026-02-13,000858,11:14:24,106.2200,5,4
2026-02-13,000858,11:14:27,106.2200,3,2
2026-02-13,000858,11:14:30,106.2200,6,2
2026-02-13,000858,11:14:33,106.2300,15,1
2026-02-13,000858,11:14:36,106.2200,6,2
2026-02-13,000858,11:14:39,106.2200,4,2
2026-02-13,000858,11:14:42,106.2200,57,2
2026-02-13,000858,11:14:45,106.2100,15,2
2026-02-13,000858,11:14:48,106.2100,3,2
2026-02-13,000858,11:14:51,106.2200,150,1
2026-02-13,000858,11:14:54,106.2100,59,1
2026-02-13,000858,11:14:57,106.2000,21,2
2026-02-13,000858,11:15:00,106.2000,18,2
2026-02-13,000858,11:15:03,106.2000,27,2
2026-02-13,000858,11:15:06,106.2000,17,2
2026-02-13,000858,11:15:09,106.2000,12,2
2026-02-13,000858,11:15:12,106.2000,11,2
2026-02-13,000858,11:15:15,106.2100,109,1
2026-02-13,000858,11:15:18,106.2300,35,1
2026-02-13,000858,11:15:21,106.2300,35,1
2026-02-13,000858,11:15:24,106.2100,23,2
2026-02-13,000858,11:15:27,106.2100,13,2
2026-02-13,000858,11:15:33,106.2100,14,2
2026-02-13,000858,11:15:36,106.2100,11,2
2026-02-13,000858,11:15:39,106.2200,1,2
2026-02-13,000858,11:15:42,106.2300,4,1
2026-02-13,000858,11:15:45,106.2200,8,2
2026-02-13,000858,11:15:48,106.2100,7,2
2026-02-13,000858,11:15:51,106.2100,3,2
2026-02-13,000858,11:15:54,106.2100,4,2
2026-02-13,000858,11:15:57,106.2100,3,2
2026-02-13,000858,11:16:00,106.2100,27,2
2026-02-13,000858,11:16:03,106.2300,11,1
2026-02-13,000858,11:16:06,106.2100,8,2
2026-02-13,000858,11:16:09,106.2100,26,2
2026-02-13,000858,11:16:12,106.2300,10,1
2026-02-13,000858,11:16:15,106.2100,11,2
2026-02-13,000858,11:16:18,106.2200,2,1
2026-02-13,000858,11:16:21,106.2200,1,4
2026-02-13,000858,11:16:27,106.2200,6,1
2026-02-13,000858,11:16:30,106.2100,28,2
2026-02-13,000858,11:16:33,106.2100,13,2
2026-02-13,000858,11:16:36,106.2100,23,2
2026-02-13,000858,11:16:39,106.2200,21,1
2026-02-13,000858,11:16:42,106.2100,1,4
2026-02-13,000858,11:16:45,106.2100,1,2
2026-02-13,000858,11:16:48,106.2100,6,2
2026-02-13,000858,11:16:51,106.2100,9,2
2026-02-13,000858,11:16:54,106.2100,12,2
2026-02-13,000858,11:16:57,106.2100,2,2
2026-02-13,000858,11:17:00,106.2100,12,2
2026-02-13,000858,11:17:03,106.2100,48,2
2026-02-13,000858,11:17:06,106.2100,20,2
2026-02-13,000858,11:17:09,106.2100,28,2
2026-02-13,000858,11:17:12,106.2000,32,2
2026-02-13,000858,11:17:15,106.2000,10,2
2026-02-13,000858,11:17:18,106.2000,11,2
2026-02-13,000858,11:17:21,106.2000,31,2
2026-02-13,000858,11:17:24,106.2000,23,2
2026-02-13,000858,11:17:27,106.2000,25,2
2026-02-13,000858,11:17:30,106.2000,13,2
2026-02-13,000858,11:17:33,106.2000,51,2
2026-02-13,000858,11:17:36,106.2000,13,2
2026-02-13,000858,11:17:39,106.2000,26,2
2026-02-13,000858,11:17:42,106.2000,8,2
2026-02-13,000858,11:17:45,106.2100,70,1
2026-02-13,000858,11:17:48,106.2000,2,2
2026-02-13,000858,11:17:51,106.2000,17,2
2026-02-13,000858,11:17:54,106.2100,39,1
2026-02-13,000858,11:17:57,106.2000,9,2
