date,code,time,price,volume,bs
2026-02-27,000001,14:02:30,10.8600,15,2
2026-02-27,000001,14:02:33,10.8700,56,1
2026-02-27,000001,14:02:36,10.8700,40,1
2026-02-27,000001,14:02:39,10.8700,11,1
2026-02-27,000001,14:02:42,10.8700,8,1
2026-02-27,000001,14:02:45,10.8600,7,2
2026-02-27,000001,14:02:48,10.8700,40,1
2026-02-27,000001,14:02:51,10.8700,20,1
2026-02-27,000001,14:02:54,10.8700,36,1
2026-02-27,000001,14:02:57,10.8700,116,1
2026-02-27,000001,14:03:00,10.8700,4,1
2026-02-27,000001,14:03:03,10.8600,8,2
2026-02-27,000001,14:03:06,10.8600,58,2
2026-02-27,000001,14:03:09,10.8600,13,2
2026-02-27,000001,14:03:12,10.8700,21,1
2026-02-27,000001,14:03:15,10.8700,22,1
2026-02-27,000001,14:03:18,10.8600,40,2
2026-02-27,000001,14:03:21,10.8600,11,2
2026-02-27,000001,14:03:24,10.8700,49,1
2026-02-27,000001,14:03:27,10.8600,7,2
2026-02-27,000001,14:03:30,10.8700,10,1
2026-02-27,000001,14:03:33,10.8600,14,2
2026-02-27,000001,14:03:36,10.8700,4,1
2026-02-27,000001,14:03:39,10.8600,12,2
2026-02-27,000001,14:03:42,10.8700,29,1
2026-02-27,000001,14:03:45,10.8700,13,1
2026-02-27,000001,14:03:48,10.8700,32,1
2026-02-27,000001,14:03:51,10.8700,1,1
2026-02-27,000001,14:03:54,10.8600,517,2
2026-02-27,000001,14:03:57,10.8700,49,1
2026-02-27,000001,14:04:00,10.8700,1,1
2026-02-27,000001,14:04:03,10.8700,14,1
2026-02-27,000001,14:04:09,10.8700,106,1
2026-02-27,000001,14:04:12,10.8700,103,1
2026-02-27,000001,14:04:15,10.8600,8,2
2026-02-27,000001,14:04:18,10.8600,20,2
2026-02-27,000001,14:04:21,10.8700,1,1
2026-02-27,000001,14:04:24,10.8700,31,1
2026-02-27,000001,14:04:27,10.8700,44,1
2026-02-27,000001,14:04:30,10.8700,10,1
2026-02-27,000001,14:04:33,10.8700,60,1
2026-02-27,000001,14:04:36,10.8700,1,1
2026-02-27,000001,14:04:39,10.8600,10,2
2026-02-27,000001,14:04:42,10.8700,5,1
2026-02-27,000001,14:04:45,10.8700,3,1
2026-02-27,000001,14:04:48,10.8700,11,1
2026-02-27,000001,14:04:51,10.8700,89,1
2026-02-27,000001,14:04:54,10.8700,7,1
2026-02-27,000001,14:04:57,10.8600,3,2
2026-02-27,000001,14:05:00,10.8700,19,1
2026-02-27,000001,14:05:03,10.8700,55,1
2026-02-27,000001,14:05:06,10.8700,45,1
2026-02-27,000001,14:05:09,10.8700,93,1
2026-02-27,000001,14:05:12,10.8700,30,1
2026-02-27,000001,14:05:15,10.8600,26,2
2026-02-27,000001,14:05:18,10.8700,4,1
2026-02-27,000001,14:05:21,10.8700,30,1
2026-02-27,000001,14:05:24,10.8700,15,1
2026-02-27,000001,14:05:27,10.8700,128,1
2026-02-27,000001,14:05:30,10.8700,3,1
2026-02-27,000001,14:05:33,10.8700,89,1
2026-02-27,000001,14:05:36,10.8700,12,1
2026-02-27,000001,14:05:42,10.8600,34,2
2026-02-27,000001,14:05:45,10.8700,2,1
2026-02-27,000001,14:05:48,10.8700,43,1
2026-02-27,000001,14:05:51,10.8700,15,1
2026-02-27,000001,14:05:54,10.8600,4,2
2026-02-27,000001,14:05:57,10.8700,33,1
2026-02-27,000001,14:06:00,10.8600,26,2
2026-02-27,000001,14:06:03,10.8700,3,1
2026-02-27,000001,14:06:06,10.8700,2,1
2026-02-27,000001,14:06:09,10.8700,8,1
2026-02-27,000001,14:06:15,10.8700,4,1
2026-02-27,000001,14:06:18,10.8600,53,2
2026-02-27,000001,14:06:21,10.8700,46,1
2026-02-27,000001,14:06:24,10.8700,17,1
2026-02-27,000001,14:06:27,10.8700,67,1
2026-02-27,000001,14:06:30,10.8700,11,1
2026-02-27,000001,14:06:33,10.8600,24,2
2026-02-27,000001,14:06:36,10.8700,72,1
2026-02-27,000001,14:06:39,10.8700,72,1
2026-02-27,000001,14:06:42,10.8700,3,1
2026-02-27,000001,14:06:45,10.8700,137,1
2026-02-27,000001,14:06:48,10.8700,1,1
2026-02-27,000001,14:06:51,10.8700,1,1
2026-02-27,000001,14:06:54,10.8600,13,2
2026-02-27,000001,14:06:57,10.8700,1,1
2026-02-27,000001,14:07:00,10.8700,20,1
2026-02-27,000001,14:07:03,10.8600,1,2
2026-02-27,000001,14:07:06,10.8600,24,2
2026-02-27,000001,14:07:09,10.8700,10,1
2026-02-27,000001,14:07:12,10.8600,41,2
2026-02-27,000001,14:07:15,10.8700,122,1
2026-02-27,000001,14:07:18,10.8700,24,1
2026-02-27,000001,14:07:21,10.8700,6,1
2026-02-27,000001,14:07:24,10.8600,10,2
2026-02-27,000001,14:07:27,10.8600,86,2
2026-02-27,000001,14:07:30,10.8700,2,1
2026-02-27,000001,14:07:33,10.8700,2,1
2026-02-27,000001,14:07:36,10.8600,1,2
2026-02-27,000001,14:07:39,10.8600,4,2
2026-02-27,000001,14:07:42,10.8700,45,1
2026-02-27,000001,14:07:45,10.8700,26,1
2026-02-27,000001,14:07:48,10.8700,27,1
2026-02-27,000001,14:07:51,10.8700,36,1
2026-02-27,000001,14:07:54,10.8600,5,2
2026-02-27,000001,14:07:57,10.8700,40,1
2026-02-27,000001,14:08:00,10.8700,86,1
2026-02-27,000001,14:08:03,10.8700,13,1
2026-02-27,000001,14:08:06,10.8700,10,1
2026-02-27,000001,14:08:09,10.8600,12,2
2026-02-27,000001,14:08:12,10.8600,63,2
2026-02-27,000001,14:08:15,10.8700,6,1
2026-02-27,000001,14:08:18,10.8700,11,1
2026-02-27,000001,14:08:21,10.8700,17,1
2026-02-27,000001,14:08:24,10.8600,19,2
2026-02-27,000001,14:08:27,10.8700,1669,1
2026-02-27,000001,14:08:30,10.8700,39,1
2026-02-27,000001,14:08:33,10.8700,177,2
2026-02-27,000001,14:08:36,10.8700,416,2
2026-02-27,000001,14:08:39,10.8700,210,2
2026-02-27,000001,14:08:42,10.8700,49,2
2026-02-27,000001,14:08:45,10.8700,4,2
2026-02-27,000001,14:08:48,10.8700,41,2
2026-02-27,000001,14:08:51,10.8700,22,2
2026-02-27,000001,14:08:54,10.8700,27,2
2026-02-27,000001,14:09:00,10.8700,12,2
2026-02-27,000001,14:09:03,10.8800,7,1
2026-02-27,000001,14:09:09,10.8700,252,2
2026-02-27,000001,14:09:12,10.8700,15,2
2026-02-27,000001,14:09:15,10.8700,18,2
2026-02-27,000001,14:09:21,10.8800,89,1
2026-02-27,000001,14:09:24,10.8700,35,2
2026-02-27,000001,14:09:27,10.8700,19,2
2026-02-27,000001,14:09:30,10.8800,1,1
2026-02-27,000001,14:09:33,10.8700,1,2
2026-02-27,000001,14:09:39,10.8700,17,2
2026-02-27,000001,14:09:42,10.8700,344,2
2026-02-27,000001,14:09:45,10.8800,33,1
2026-02-27,000001,14:09:48,10.8700,16,2
2026-02-27,000001,14:09:54,10.8700,6,2
2026-02-27,000001,14:10:03,10.8800,1,1
2026-02-27,000001,14:10:06,10.8700,62,2
2026-02-27,000001,14:10:09,10.8700,5,2
2026-02-27,000001,14:10:15,10.8700,1286,2
2026-02-27,000001,14:10:18,10.8800,470,1
2026-02-27,000001,14:10:21,10.8700,36,2
2026-02-27,000001,14:10:24,10.8700,39,2
2026-02-27,000001,14:10:27,10.8800,22,1
2026-02-27,000001,14:10:33,10.8700,12,2
2026-02-27,000001,14:10:36,10.8800,5,1
2026-02-27,000001,14:10:39,10.8800,103,1
2026-02-27,000001,14:10:45,10.8700,913,2
2026-02-27,000001,14:10:48,10.8800,13,1
2026-02-27,000001,14:10:51,10.8800,32,1
2026-02-27,000001,14:10:54,10.8700,10,2
2026-02-27,000001,14:10:57,10.8700,2,2
2026-02-27,000001,14:11:00,10.8700,44,2
2026-02-27,000001,14:11:06,10.8700,37,2
2026-02-27,000001,14:11:09,10.8700,51,2
2026-02-27,000001,14:11:12,10.8700,56,2
2026-02-27,000001,14:11:15,10.8700,100,2
2026-02-27,000001,14:11:18,10.8700,533,2
2026-02-27,000001,14:11:21,10.8700,141,2
2026-02-27,000001,14:11:24,10.8700,93,2
2026-02-27,000001,14:11:27,10.8700,23,2
2026-02-27,000001,14:11:30,10.8800,39,1
2026-02-27,000001,14:11:33,10.8700,7,2
2026-02-27,000001,14:11:39,10.8800,57,1
2026-02-27,000001,14:11:42,10.8700,35,2
2026-02-27,000001,14:11:45,10.8700,8,2
2026-02-27,000001,14:11:48,10.8700,34,2
2026-02-27,000001,14:11:51,10.8700,234,2
2026-02-27,000001,14:11:54,10.8700,5,2
2026-02-27,000001,14:11:57,10.8700,19,2
2026-02-27,000001,14:12:00,10.8700,10,2
2026-02-27,000001,14:12:03,10.8800,7,1
2026-02-27,000001,14:12:06,10.8700,62,2
2026-02-27,000001,14:12:09,10.8800,1,1
2026-02-27,000001,14:12:12,10.8700,83,2
2026-02-27,000001,14:12:18,10.8700,1,2
2026-02-27,000001,14:12:21,10.8800,11,1
2026-02-27,000001,14:12:24,10.8700,6,2
2026-02-27,000001,14:12:27,10.8700,795,2
2026-02-27,000001,14:12:30,10.8700,37,2
2026-02-27,000001,14:12:33,10.8700,15,2
2026-02-27,000001,14:12:36,10.8800,42,1
2026-02-27,000001,14:12:39,10.8700,11,2
2026-02-27,000001,14:12:42,10.8800,56,1
2026-02-27,000001,14:12:45,10.8700,14,2
2026-02-27,000001,14:12:48,10.8700,6,2
2026-02-27,000001,14:12:54,10.8700,146,2
2026-02-27,000001,14:12:57,10.8700,963,2
2026-02-27,000001,14:13:00,10.8700,46,2
2026-02-27,000001,14:13:03,10.8800,30,1
2026-02-27,000001,14:13:06,10.8700,10,2
2026-02-27,000001,14:13:09,10.8700,10,2
2026-02-27,000001,14:13:12,10.8700,25,2
2026-02-27,000001,14:13:15,10.8700,37,2
2026-02-27,000001,14:13:18,10.8800,1,1
2026-02-27,000001,14:13:21,10.8800,4,1
2026-02-27,000001,14:13:24,10.8700,11,2
2026-02-27,000001,14:13:27,10.8700,1,2
2026-02-27,000001,14:13:30,10.8700,1071,2
2026-02-27,000001,14:13:33,10.8700,19,2
2026-02-27,000001,14:13:39,10.8700,41,2
2026-02-27,000001,14:13:42,10.8700,2,2
2026-02-27,000001,14:13:45,10.8700,3,2
2026-02-27,000001,14:13:48,10.8700,20,2
2026-02-27,000001,14:13:51,10.8700,24,2
2026-02-27,000001,14:13:54,10.8800,22,1
2026-02-27,000001,14:13:57,10.8800,1,1
2026-02-27,000001,14:14:00,10.8700,11,2
2026-02-27,000001,14:14:03,10.8700,1010,2
2026-02-27,000001,14:14:06,10.8700,98,2
2026-02-27,000001,14:14:09,10.8700,25,2
2026-02-27,000001,14:14:12,10.8800,64,1
2026-02-27,000001,14:14:15,10.8700,124,2
2026-02-27,000001,14:14:18,10.8700,3,2
2026-02-27,000001,14:14:21,10.8800,3,1
2026-02-27,000001,14:14:24,10.8800,6,1
2026-02-27,000001,14:14:27,10.8800,1,1
2026-02-27,000001,14:14:30,10.8700,180,2
2026-02-27,000001,14:14:33,10.8700,625,2
2026-02-27,000001,14:14:42,10.8800,22,1
2026-02-27,000001,14:14:48,10.8700,39,2
2026-02-27,000001,14:14:51,10.8700,9,2
2026-02-27,000001,14:14:54,10.8700,142,2
2026-02-27,000001,14:14:57,10.8700,155,2
2026-02-27,000001,14:15:00,10.8700,24,2
2026-02-27,000001,14:15:03,10.8700,2,2
2026-02-27,000001,14:15:06,10.8700,567,2
2026-02-27,000001,14:15:09,10.8700,718,2
2026-02-27,000001,14:15:12,10.8700,202,1
2026-02-27,000001,14:15:15,10.8600,283,2
2026-02-27,000001,14:15:18,10.8700,42,1
2026-02-27,000001,14:15:21,10.8700,19,2
2026-02-27,000001,14:15:24,10.8700,23,2
2026-02-27,000001,14:15:27,10.8700,151,2
2026-02-27,000001,14:15:30,10.8700,4,2
2026-02-27,000001,14:15:36,10.8800,2,1
2026-02-27,000001,14:15:39,10.8700,246,2
2026-02-27,000001,14:15:45,10.8700,2,2
2026-02-27,000001,14:15:48,10.8700,16,2
2026-02-27,000001,14:15:54,10.8700,3,2
2026-02-27,000001,14:15:57,10.8700,690,2
2026-02-27,000001,14:16:00,10.8700,21,2
2026-02-27,000001,14:16:03,10.8700,61,2
2026-02-27,000001,14:16:09,10.8700,207,2
2026-02-27,000001,14:16:12,10.8700,28,2
2026-02-27,000001,14:16:15,10.8700,7,2
2026-02-27,000001,14:16:21,10.8800,3,1
2026-02-27,000001,14:16:24,10.8700,11,2
2026-02-27,000001,14:16:30,10.8800,18,1
2026-02-27,000001,14:16:33,10.8700,39,2
2026-02-27,000001,14:16:36,10.8700,1,2
2026-02-27,000001,14:16:39,10.8800,154,1
2026-02-27,000001,14:16:42,10.8700,389,2
2026-02-27,000001,14:16:45,10.8700,83,2
2026-02-27,000001,14:16:48,10.8700,28,2
2026-02-27,000001,14:16:51,10.8700,16,2
2026-02-27,000001,14:16:54,10.8700,20,2
2026-02-27,000001,14:16:57,10.8700,8,2
2026-02-27,000001,14:17:00,10.8800,244,1
2026-02-27,000001,14:17:03,10.8800,25,1
2026-02-27,000001,14:17:06,10.8700,34,2
2026-02-27,000001,14:17:09,10.8700,62,2
2026-02-27,000001,14:17:12,10.8800,3,1
2026-02-27,000001,14:17:15,10.8700,450,2
2026-02-27,000001,14:17:18,10.8600,35,2
2026-02-27,000001,14:17:21,10.8600,35,2
2026-02-27,000001,14:17:24,10.8600,24,2
2026-02-27,000001,14:17:27,10.8700,8,1
2026-02-27,000001,14:17:30,10.8700,20,1
2026-02-27,000001,14:17:33,10.8700,26,1
2026-02-27,000001,14:17:36,10.8700,29,1
2026-02-27,000001,14:17:39,10.8700,26,1
2026-02-27,000001,14:17:42,10.8700,57,1
2026-02-27,000001,14:17:45,10.8600,3,2
2026-02-27,000001,14:17:48,10.8600,118,2
2026-02-27,000001,14:17:51,10.8600,74,2
2026-02-27,000001,14:17:54,10.8600,38,2
2026-02-27,000001,14:17:57,10.8600,25,2
2026-02-27,000001,14:18:00,10.8600,76,2
2026-02-27,000001,14:18:03,10.8600,12,2
2026-02-27,000001,14:18:06,10.8700,3,1
2026-02-27,000001,14:18:09,10.8600,14,2
2026-02-27,000001,14:18:15,10.8600,26,2
2026-02-27,000001,14:18:18,10.8600,27,2
2026-02-27,000001,14:18:21,10.8600,170,2
2026-02-27,000001,14:18:24,10.8600,72,2
2026-02-27,000001,14:18:27,10.8700,39,1
2026-02-27,000001,14:18:30,10.8600,78,2
2026-02-27,000001,14:18:33,10.8600,189,2
2026-02-27,000001,14:18:36,10.8600,92,2
2026-02-27,000001,14:18:39,10.8700,224,1
2026-02-27,000001,14:18:42,10.8700,64,1
2026-02-27,000001,14:18:45,10.8600,13,2
2026-02-27,000001,14:18:48,10.8600,325,2
2026-02-27,000001,14:18:51,10.8700,24,1
2026-02-27,000001,14:18:54,10.8700,13,1
2026-02-27,000001,14:18:57,10.8600,52,2
2026-02-27,000001,14:19:00,10.8700,33,1
2026-02-27,000001,14:19:03,10.8700,17,1
2026-02-27,000001,14:19:06,10.8600,53,2
2026-02-27,000001,14:19:09,10.8700,46,1
2026-02-27,000001,14:19:12,10.8600,25,2
2026-02-27,000001,14:19:15,10.8600,155,2
2026-02-27,000001,14:19:18,10.8700,7,1
2026-02-27,000001,14:19:21,10.8700,109,1
2026-02-27,000001,14:19:24,10.8800,4,1
2026-02-27,000001,14:19:27,10.8700,238,2
2026-02-27,000001,14:19:30,10.8700,28,2
2026-02-27,000001,14:19:33,10.8700,30,2
2026-02-27,000001,14:19:36,10.8700,16,2
2026-02-27,000001,14:19:39,10.8700,502,2
2026-02-27,000001,14:19:42,10.8600,24,2
2026-02-27,000001,14:19:45,10.8700,22,1
2026-02-27,000001,14:19:48,10.8600,15,2
2026-02-27,000001,14:19:51,10.8600,16,2
2026-02-27,000001,14:19:54,10.8700,40,1
2026-02-27,000001,14:19:57,10.8700,100,1
2026-02-27,000001,14:20:00,10.8600,21,2
2026-02-27,000001,14:20:03,10.8700,79,1
2026-02-27,000001,14:20:06,10.8700,341,2
2026-02-27,000001,14:20:09,10.8700,1,2
2026-02-27,000001,14:20:12,10.8700,109,2
2026-02-27,000001,14:20:15,10.8700,110,2
2026-02-27,000001,14:20:18,10.8700,10,1
2026-02-27,000001,14:20:21,10.8600,29,2
2026-02-27,000001,14:20:24,10.8600,6,2
2026-02-27,000001,14:20:27,10.8700,130,1
2026-02-27,000001,14:20:30,10.8700,17,1
2026-02-27,000001,14:20:33,10.8600,19,2
2026-02-27,000001,14:20:36,10.8700,11,1
2026-02-27,000001,14:20:39,10.8700,21,1
2026-02-27,000001,14:20:42,10.8700,30,1
2026-02-27,000001,14:20:45,10.8700,49,2
2026-02-27,000001,14:20:48,10.8700,50,1
2026-02-27,000001,14:20:51,10.8700,12,1
2026-02-27,000001,14:20:54,10.8700,61,1
2026-02-27,000001,14:20:57,10.8700,24,1
2026-02-27,000001,14:21:03,10.8700,83,1
2026-02-27,000001,14:21:06,10.8700,6,1
2026-02-27,000001,14:21:09,10.8700,12,1
2026-02-27,000001,14:21:12,10.8700,6,1
2026-02-27,000001,14:21:15,10.8700,3,1
2026-02-27,000001,14:21:18,10.8600,12,2
2026-02-27,000001,14:21:21,10.8700,68,1
2026-02-27,000001,14:21:24,10.8600,149,2
2026-02-27,000001,14:21:27,10.8600,4,2
2026-02-27,000001,14:21:30,10.8700,1,1
2026-02-27,000001,14:21:33,10.8600,57,2
2026-02-27,000001,14:21:39,10.8700,92,1
2026-02-27,000001,14:21:42,10.8600,51,2
2026-02-27,000001,14:21:45,10.8600,33,2
2026-02-27,000001,14:21:48,10.8700,1,1
2026-02-27,000001,14:21:51,10.8700,2,1
2026-02-27,000001,14:21:54,10.8600,9,2
2026-02-27,000001,14:21:57,10.8600,127,2
2026-02-27,000001,14:22:00,10.8600,44,2
2026-02-27,000001,14:22:09,10.8600,21,2
2026-02-27,000001,14:22:12,10.8600,52,2
2026-02-27,000001,14:22:15,10.8600,41,2
2026-02-27,000001,14:22:18,10.8600,30,2
2026-02-27,000001,14:22:21,10.8700,12,1
2026-02-27,000001,14:22:24,10.8600,18,2
2026-02-27,000001,14:22:27,10.8600,11,2
2026-02-27,000001,14:22:30,10.8700,26,1
2026-02-27,000001,14:22:33,10.8700,1,1
2026-02-27,000001,14:22:36,10.8700,50,1
2026-02-27,000001,14:22:39,10.8700,31,1
2026-02-27,000001,14:22:42,10.8700,21,1
2026-02-27,000001,14:22:45,10.8700,9,1
2026-02-27,000001,14:22:48,10.8700,16,1
2026-02-27,000001,14:22:51,10.8700,19,1
2026-02-27,000001,14:22:54,10.8600,8,2
2026-02-27,000001,14:22:57,10.8700,67,1
2026-02-27,000001,14:23:00,10.8700,28,1
2026-02-27,000001,14:23:03,10.8600,50,2
2026-02-27,000001,14:23:06,10.8700,6,1
2026-02-27,000001,14:23:09,10.8700,44,1
2026-02-27,000001,14:23:12,10.8600,63,2
2026-02-27,000001,14:23:15,10.8600,12,2
2026-02-27,000001,14:23:21,10.8700,3,1
2026-02-27,000001,14:23:24,10.8600,258,2
2026-02-27,000001,14:23:27,10.8700,118,1
2026-02-27,000001,14:23:30,10.8700,26,1
2026-02-27,000001,14:23:33,10.8600,5,2
2026-02-27,000001,14:23:36,10.8600,2,2
2026-02-27,000001,14:23:39,10.8700,53,1
2026-02-27,000001,14:23:42,10.8600,28,2
2026-02-27,000001,14:23:45,10.8600,18,2
2026-02-27,000001,14:23:51,10.8600,35,2
2026-02-27,000001,14:23:54,10.8700,19,1
2026-02-27,000001,14:24:00,10.8700,25,1
2026-02-27,000001,14:24:03,10.8600,105,2
2026-02-27,000001,14:24:15,10.8600,19,2
2026-02-27,000001,14:24:21,10.8700,7,1
2026-02-27,000001,14:24:24,10.8600,36,2
2026-02-27,000001,14:24:27,10.8600,45,2
2026-02-27,000001,14:24:30,10.8700,29,1
2026-02-27,000001,14:24:33,10.8700,25,1
2026-02-27,000001,14:24:36,10.8600,1,2
2026-02-27,000001,14:24:39,10.8700,20,1
2026-02-27,000001,14:24:45,10.8700,47,1
2026-02-27,000001,14:24:48,10.8700,17,1
2026-02-27,000001,14:24:54,10.8600,47,2
2026-02-27,000001,14:24:57,10.8600,17,2
2026-02-27,000001,14:25:00,10.8600,34,2
2026-02-27,000001,14:25:03,10.8700,4,1
2026-02-27,000001,14:25:06,10.8700,20,1
2026-02-27,000001,14:25:09,10.8700,115,1
2026-02-27,000001,14:25:18,10.8600,12,2
2026-02-27,000001,14:25:21,10.8700,37,1
2026-02-27,000001,14:25:24,10.8600,8,2
2026-02-27,000001,14:25:30,10.8700,36,1
2026-02-27,000001,14:25:36,10.8700,50,1
2026-02-27,000001,14:25:39,10.8600,10,2
2026-02-27,000001,14:25:42,10.8600,38,2
2026-02-27,000001,14:25:45,10.8600,13,2
2026-02-27,000001,14:25:48,10.8600,4,2
2026-02-27,000001,14:25:51,10.8700,9,1
2026-02-27,000001,14:25:54,10.8600,34,2
2026-02-27,000001,14:26:00,10.8700,38,1
2026-02-27,000001,14:26:03,10.8600,24,2
2026-02-27,000001,14:26:09,10.8700,3,1
2026-02-27,000001,14:26:12,10.8700,2,1
2026-02-27,000001,14:26:15,10.8600,17,2
2026-02-27,000001,14:26:18,10.8600,1,2
2026-02-27,000001,14:26:21,10.8700,12,1
2026-02-27,000001,14:26:24,10.8600,4,2
2026-02-27,000001,14:26:27,10.8600,63,2
2026-02-27,000001,14:26:30,10.8700,28,1
2026-02-27,000001,14:26:33,10.8700,22,1
2026-02-27,000001,14:26:39,10.8700,136,1
2026-02-27,000001,14:26:42,10.8700,1,1
2026-02-27,000001,14:26:45,10.8600,32,2
2026-02-27,000001,14:26:51,10.8700,96,1
2026-02-27,000001,14:26:54,10.8600,13,2
2026-02-27,000001,14:26:57,10.8700,1,1
2026-02-27,000001,14:27:00,10.8700,10,1
2026-02-27,000001,14:27:03,10.8600,54,2
2026-02-27,000001,14:27:06,10.8700,10,1
2026-02-27,000001,14:27:09,10.8700,12,1
2026-02-27,000001,14:27:12,10.8600,31,2
2026-02-27,000001,14:27:18,10.8700,24,1
2026-02-27,000001,14:27:21,10.8600,14,2
2026-02-27,000001,14:27:24,10.8600,59,2
2026-02-27,000001,14:27:27,10.8700,59,1
2026-02-27,000001,14:27:30,10.8700,48,1
2026-02-27,000001,14:27:33,10.8600,3,2
2026-02-27,000001,14:27:36,10.8600,29,2
2026-02-27,000001,14:27:39,10.8700,30,1
2026-02-27,000001,14:27:42,10.8600,77,2
2026-02-27,000001,14:27:45,10.8700,8,1
2026-02-27,000001,14:27:48,10.8700,47,1
2026-02-27,000001,14:27:51,10.8700,126,1
2026-02-27,000001,14:27:54,10.8700,26,1
2026-02-27,000001,14:27:57,10.8700,6,1
2026-02-27,000001,14:28:00,10.8600,113,2
2026-02-27,000001,14:28:03,10.8600,32,2
2026-02-27,000001,14:28:09,10.8600,48,2
2026-02-27,000001,14:28:12,10.8700,20,1
2026-02-27,000001,14:28:15,10.8600,70,2
2026-02-27,000001,14:28:18,10.8600,114,2
2026-02-27,000001,14:28:21,10.8700,1,1
2026-02-27,000001,14:28:24,10.8600,32,2
2026-02-27,000001,14:28:27,10.8700,500,1
2026-02-27,000001,14:28:30,10.8700,33,1
2026-02-27,000001,14:28:33,10.8700,173,1
2026-02-27,000001,14:28:36,10.8700,53,1
2026-02-27,000001,14:28:39,10.8700,7,1
2026-02-27,000001,14:28:42,10.8700,4,1
2026-02-27,000001,14:28:45,10.8700,1,1
2026-02-27,000001,14:28:54,10.8700,16,1
2026-02-27,000001,14:28:57,10.8600,1,2
2026-02-27,000001,14:29:00,10.8700,20,1
2026-02-27,000001,14:29:03,10.8600,17,2
2026-02-27,000001,14:29:06,10.8700,31,1
2026-02-27,000001,14:29:09,10.8600,761,2
2026-02-27,000001,14:29:12,10.8600,170,2
2026-02-27,000001,14:29:15,10.8600,197,2
2026-02-27,000001,14:29:18,10.8600,213,2
2026-02-27,000001,14:29:21,10.8600,113,2
2026-02-27,000001,14:29:24,10.8700,67,1
2026-02-27,000001,14:29:30,10.8700,16,1
2026-02-27,000001,14:29:33,10.8700,67,1
2026-02-27,000001,14:29:36,10.8700,6,1
2026-02-27,000001,14:29:39,10.8700,16,1
2026-02-27,000001,14:29:42,10.8600,28,2
2026-02-27,000001,14:29:45,10.8600,13,2
2026-02-27,000001,14:29:48,10.8600,10,2
2026-02-27,000001,14:29:54,10.8600,24,2
2026-02-27,000001,14:29:57,10.8700,23,1
2026-02-27,000001,14:30:00,10.8700,14,1
2026-02-27,000001,14:30:03,10.8700,7,1
2026-02-27,000001,14:30:06,10.8600,20,2
2026-02-27,000001,14:30:09,10.8700,50,1
2026-02-27,000001,14:30:12,10.8700,54,1
2026-02-27,000001,14:30:15,10.8700,9,1
2026-02-27,000001,14:30:18,10.8700,253,1
2026-02-27,000001,14:30:21,10.8600,10,2
2026-02-27,000001,14:30:24,10.8700,35,1
2026-02-27,000001,14:30:27,10.8600,55,2
2026-02-27,000001,14:30:30,10.8600,20,2
2026-02-27,000001,14:30:33,10.8600,101,2
2026-02-27,000001,14:30:39,10.8700,59,1
2026-02-27,000001,14:30:42,10.8700,9,1
2026-02-27,000001,14:30:45,10.8600,50,2
2026-02-27,000001,14:30:48,10.8700,205,1
2026-02-27,000001,14:30:51,10.8700,8,1
2026-02-27,000001,14:30:54,10.8700,12,1
2026-02-27,000001,14:30:57,10.8700,2,1
2026-02-27,000001,14:31:06,10.8700,10,1
2026-02-27,000001,14:31:12,10.8700,37,1
2026-02-27,000001,14:31:15,10.8600,34,2
2026-02-27,000001,14:31:21,10.8700,13,1
2026-02-27,000001,14:31:24,10.8700,140,1
2026-02-27,000001,14:31:27,10.8700,50,1
2026-02-27,000001,14:31:30,10.8700,15,1
2026-02-27,000001,14:31:33,10.8700,9,1
2026-02-27,000001,14:31:36,10.8700,20,1
2026-02-27,000001,14:31:39,10.8700,16,1
2026-02-27,000001,14:31:42,10.8700,84,1
2026-02-27,000001,14:31:45,10.8600,82,2
2026-02-27,000001,14:31:48,10.8700,15,1
2026-02-27,000001,14:31:54,10.8600,12,2
2026-02-27,000001,14:32:00,10.8700,54,1
2026-02-27,000001,14:32:03,10.8700,9,1
2026-02-27,000001,14:32:06,10.8700,56,1
2026-02-27,000001,14:32:09,10.8600,20,2
2026-02-27,000001,14:32:12,10.8600,100,2
2026-02-27,000001,14:32:15,10.8700,158,1
2026-02-27,000001,14:32:18,10.8700,569,1
2026-02-27,000001,14:32:21,10.8600,113,2
2026-02-27,000001,14:32:24,10.8700,81,1
2026-02-27,000001,14:32:27,10.8700,119,2
2026-02-27,000001,14:32:30,10.8700,140,2
2026-02-27,000001,14:32:33,10.8700,191,2
2026-02-27,000001,14:32:36,10.8700,141,1
2026-02-27,000001,14:32:39,10.8600,19,2
2026-02-27,000001,14:32:42,10.8700,12,1
2026-02-27,000001,14:32:45,10.8700,19,1
2026-02-27,000001,14:32:48,10.8700,2,1
2026-02-27,000001,14:32:54,10.8600,12,2
2026-02-27,000001,14:33:00,10.8600,10,2
2026-02-27,000001,14:33:06,10.8700,98,1
2026-02-27,000001,14:33:09,10.8600,69,2
2026-02-27,000001,14:33:12,10.8700,60,1
2026-02-27,000001,14:33:15,10.8700,114,1
2026-02-27,000001,14:33:18,10.8700,82,1
2026-02-27,000001,14:33:21,10.8700,97,1
2026-02-27,000001,14:33:24,10.8600,117,2
2026-02-27,000001,14:33:30,10.8700,12,1
2026-02-27,000001,14:33:33,10.8700,51,1
2026-02-27,000001,14:33:36,10.8700,8,1
2026-02-27,000001,14:33:39,10.8600,29,2
2026-02-27,000001,14:33:45,10.8700,5,1
2026-02-27,000001,14:33:48,10.8700,10,1
2026-02-27,000001,14:33:51,10.8700,140,1
2026-02-27,000001,14:33:54,10.8600,72,2
2026-02-27,000001,14:33:57,10.8600,262,2
2026-02-27,000001,14:34:03,10.8700,64,1
2026-02-27,000001,14:34:06,10.8700,102,1
2026-02-27,000001,14:34:09,10.8700,88,1
2026-02-27,000001,14:34:12,10.8700,85,1
2026-02-27,000001,14:34:15,10.8700,32,1
2026-02-27,000001,14:34:18,10.8700,41,1
2026-02-27,000001,14:34:21,10.8700,45,2
2026-02-27,000001,14:34:24,10.8600,21,2
2026-02-27,000001,14:34:30,10.8700,166,1
2026-02-27,000001,14:34:33,10.8700,9,2
2026-02-27,000001,14:34:36,10.8800,77,1
2026-02-27,000001,14:34:39,10.8800,31,1
2026-02-27,000001,14:34:42,10.8700,104,2
2026-02-27,000001,14:34:45,10.8700,17,2
2026-02-27,000001,14:34:48,10.8700,10,2
2026-02-27,000001,14:34:51,10.8700,19,2
2026-02-27,000001,14:34:54,10.8700,6,2
2026-02-27,000001,14:35:03,10.8800,1,1
2026-02-27,000001,14:35:06,10.8700,1682,2
2026-02-27,000001,14:35:09,10.8700,1,2
2026-02-27,000001,14:35:15,10.8800,38,1
2026-02-27,000001,14:35:18,10.8600,27,2
2026-02-27,000001,14:35:21,10.8600,17,2
2026-02-27,000001,14:35:24,10.8600,101,2
2026-02-27,000001,14:35:27,10.8600,1,2
2026-02-27,000001,14:35:33,10.8700,296,1
2026-02-27,000001,14:35:36,10.8700,1954,1
2026-02-27,000001,14:35:39,10.8600,69,2
2026-02-27,000001,14:35:42,10.8700,42,1
2026-02-27,000001,14:35:45,10.8700,32,1
2026-02-27,000001,14:35:48,10.8700,111,1
2026-02-27,000001,14:35:51,10.8700,27,1
2026-02-27,000001,14:35:54,10.8700,10,1
2026-02-27,000001,14:35:57,10.8700,2,1
2026-02-27,000001,14:36:00,10.8600,2,2
2026-02-27,000001,14:36:03,10.8700,1,1
2026-02-27,000001,14:36:06,10.8700,61,1
2026-02-27,000001,14:36:09,10.8700,13,1
2026-02-27,000001,14:36:12,10.8700,29,1
2026-02-27,000001,14:36:15,10.8600,1780,2
2026-02-27,000001,14:36:21,10.8600,23,2
2026-02-27,000001,14:36:24,10.8700,9,1
2026-02-27,000001,14:36:27,10.8600,7,2
2026-02-27,000001,14:36:30,10.8700,8,1
2026-02-27,000001,14:36:33,10.8700,54,1
2026-02-27,000001,14:36:36,10.8700,1,1
2026-02-27,000001,14:36:42,10.8700,5,1
2026-02-27,000001,14:36:45,10.8700,2,1
2026-02-27,000001,14:36:48,10.8700,23,1
2026-02-27,000001,14:36:51,10.8600,17,2
2026-02-27,000001,14:36:54,10.8600,9,2
2026-02-27,000001,14:36:57,10.8700,1,1
2026-02-27,000001,14:37:00,10.8700,100,1
2026-02-27,000001,14:37:03,10.8700,74,1
2026-02-27,000001,14:37:06,10.8700,100,1
2026-02-27,000001,14:37:09,10.8700,41,1
2026-02-27,000001,14:37:12,10.8700,46,1
2026-02-27,000001,14:37:15,10.8700,50,1
2026-02-27,000001,14:37:18,10.8700,302,1
2026-02-27,000001,14:37:21,10.8700,4308,2
2026-02-27,000001,14:37:24,10.8700,36,1
2026-02-27,000001,14:37:27,10.8700,20,1
2026-02-27,000001,14:37:30,10.8700,122,1
2026-02-27,000001,14:37:33,10.8700,15,1
2026-02-27,000001,14:37:36,10.8700,78,1
2026-02-27,000001,14:37:39,10.8800,1,1
2026-02-27,000001,14:37:42,10.8700,39,4
2026-02-27,000001,14:37:45,10.8700,20,4
2026-02-27,000001,14:37:48,10.8700,55,4
2026-02-27,000001,14:37:51,10.8800,56,1
2026-02-27,000001,14:37:54,10.8800,4,1
2026-02-27,000001,14:37:57,10.8700,64,2
2026-02-27,000001,14:38:00,10.8800,38,1
2026-02-27,000001,14:38:03,10.8600,116,2
2026-02-27,000001,14:38:06,10.8700,9,4
2026-02-27,000001,14:38:09,10.8700,40,1
2026-02-27,000001,14:38:12,10.8800,57,1
2026-02-27,000001,14:38:15,10.8700,19,2
2026-02-27,000001,14:38:24,10.8700,180,2
2026-02-27,000001,14:38:27,10.8800,36,1
2026-02-27,000001,14:38:30,10.8700,274,2
2026-02-27,000001,14:38:33,10.8700,106,2
2026-02-27,000001,14:38:36,10.8700,59,1
2026-02-27,000001,14:38:39,10.8700,10,2
2026-02-27,000001,14:38:42,10.8700,10,4
2026-02-27,000001,14:38:51,10.8700,9,4
2026-02-27,000001,14:38:54,10.8700,12,1
2026-02-27,000001,14:38:57,10.8700,15,1
2026-02-27,000001,14:39:00,10.8700,66,1
2026-02-27,000001,14:39:06,10.8700,8,1
2026-02-27,000001,14:39:09,10.8700,50,1
2026-02-27,000001,14:39:12,10.8700,31,1
2026-02-27,000001,14:39:15,10.8700,93,1
2026-02-27,000001,14:39:18,10.8700,44,1
2026-02-27,000001,14:39:21,10.8700,6,1
2026-02-27,000001,14:39:24,10.8600,88,2
2026-02-27,000001,14:39:27,10.8700,9,1
2026-02-27,000001,14:39:30,10.8700,39,1
2026-02-27,000001,14:39:33,10.8600,19,2
2026-02-27,000001,14:39:36,10.8700,986,1
2026-02-27,000001,14:39:39,10.8600,94,2
2026-02-27,000001,14:39:42,10.8700,25,1
2026-02-27,000001,14:39:45,10.8700,33,1
2026-02-27,000001,14:39:48,10.8600,21,2
2026-02-27,000001,14:39:51,10.8600,3,2
2026-02-27,000001,14:39:54,10.8600,5,2
2026-02-27,000001,14:39:57,10.8700,96,1
2026-02-27,000001,14:40:00,10.8700,10,1
2026-02-27,000001,14:40:03,10.8700,62,1
2026-02-27,000001,14:40:06,10.8700,18,1
2026-02-27,000001,14:40:09,10.8700,9,1
2026-02-27,000001,14:40:12,10.8700,118,1
2026-02-27,000001,14:40:15,10.8700,39,1
2026-02-27,000001,14:40:18,10.8700,31,1
2026-02-27,000001,14:40:21,10.8700,61,1
2026-02-27,000001,14:40:24,10.8700,14,1
2026-02-27,000001,14:40:27,10.8700,169,1
2026-02-27,000001,14:40:30,10.8600,83,2
2026-02-27,000001,14:40:33,10.8700,34,1
2026-02-27,000001,14:40:36,10.8600,41,2
2026-02-27,000001,14:40:39,10.8700,16,1
2026-02-27,000001,14:40:42,10.8700,127,1
2026-02-27,000001,14:40:45,10.8700,110,1
2026-02-27,000001,14:40:48,10.8700,138,1
2026-02-27,000001,14:40:51,10.8700,120,1
2026-02-27,000001,14:40:54,10.8700,69,1
2026-02-27,000001,14:40:57,10.8800,106,1
2026-02-27,000001,14:41:00,10.8800,17,1
2026-02-27,000001,14:41:03,10.8800,1242,1
2026-02-27,000001,14:41:06,10.8700,239,2
2026-02-27,000001,14:41:09,10.8700,179,2
2026-02-27,000001,14:41:12,10.8800,64,1
2026-02-27,000001,14:41:15,10.8700,2725,2
2026-02-27,000001,14:41:18,10.8700,400,2
2026-02-27,000001,14:41:21,10.8800,87,1
2026-02-27,000001,14:41:24,10.8700,26,4
2026-02-27,000001,14:41:27,10.8800,37,1
2026-02-27,000001,14:41:30,10.8700,51,4
2026-02-27,000001,14:41:33,10.8800,14,1
2026-02-27,000001,14:41:36,10.8800,63,1
2026-02-27,000001,14:41:39,10.8700,51,1
2026-02-27,000001,14:41:42,10.8700,50,1
2026-02-27,000001,14:41:45,10.8700,21,2
2026-02-27,000001,14:41:48,10.8800,20,1
2026-02-27,000001,14:41:51,10.8700,4,2
2026-02-27,000001,14:41:54,10.8800,9,1
2026-02-27,000001,14:41:57,10.8800,37,1
2026-02-27,000001,14:42:00,10.8800,22,1
2026-02-27,000001,14:42:03,10.8700,197,2
2026-02-27,000001,14:42:06,10.8700,285,2
2026-02-27,000001,14:42:09,10.8700,107,2
2026-02-27,000001,14:42:12,10.8800,71,1
2026-02-27,000001,14:42:15,10.8700,16,2
2026-02-27,000001,14:42:18,10.8700,28,4
2026-02-27,000001,14:42:21,10.8700,1,2
2026-02-27,000001,14:42:24,10.8700,9,2
2026-02-27,000001,14:42:27,10.8800,5,1
2026-02-27,000001,14:42:30,10.8700,58,2
2026-02-27,000001,14:42:33,10.8800,1,1
2026-02-27,000001,14:42:36,10.8700,188,2
2026-02-27,000001,14:42:39,10.8800,9,1
2026-02-27,000001,14:42:42,10.8700,116,2
2026-02-27,000001,14:42:48,10.8800,84,1
2026-02-27,000001,14:42:51,10.8700,13,2
2026-02-27,000001,14:42:54,10.8700,6,2
2026-02-27,000001,14:42:57,10.8800,296,1
2026-02-27,000001,14:43:00,10.8700,109,2
2026-02-27,000001,14:43:03,10.8800,664,1
2026-02-27,000001,14:43:06,10.8700,54,2
2026-02-27,000001,14:43:09,10.8700,25,2
2026-02-27,000001,14:43:12,10.8800,75,1
2026-02-27,000001,14:43:15,10.8700,132,2
2026-02-27,000001,14:43:18,10.8800,10,1
2026-02-27,000001,14:43:24,10.8700,90,2
2026-02-27,000001,14:43:27,10.8700,1419,2
2026-02-27,000001,14:43:30,10.8700,124,2
2026-02-27,000001,14:43:33,10.8700,297,2
2026-02-27,000001,14:43:36,10.8700,25,2
2026-02-27,000001,14:43:39,10.8700,21,2
2026-02-27,000001,14:43:42,10.8700,68,2
2026-02-27,000001,14:43:45,10.8600,59,2
2026-02-27,000001,14:43:48,10.8600,32,2
2026-02-27,000001,14:43:51,10.8700,5,1
2026-02-27,000001,14:43:54,10.8600,61,2
2026-02-27,000001,14:43:57,10.8700,137,1
2026-02-27,000001,14:44:00,10.8700,18,1
2026-02-27,000001,14:44:03,10.8700,173,1
2026-02-27,000001,14:44:06,10.8700,88,1
2026-02-27,000001,14:44:09,10.8700,21,1
2026-02-27,000001,14:44:12,10.8700,72,1
2026-02-27,000001,14:44:15,10.8700,32,1
2026-02-27,000001,14:44:18,10.8600,28,2
2026-02-27,000001,14:44:21,10.8600,65,2
2026-02-27,000001,14:44:24,10.8600,20,2
2026-02-27,000001,14:44:27,10.8700,82,1
2026-02-27,000001,14:44:30,10.8700,8,1
2026-02-27,000001,14:44:36,10.8600,37,2
2026-02-27,000001,14:44:39,10.8700,39,1
2026-02-27,000001,14:44:42,10.8600,33,2
2026-02-27,000001,14:44:45,10.8600,40,2
2026-02-27,000001,14:44:48,10.8700,10,1
2026-02-27,000001,14:44:54,10.8700,22,1
2026-02-27,000001,14:44:57,10.8700,74,1
2026-02-27,000001,14:45:00,10.8700,43,1
2026-02-27,000001,14:45:03,10.8700,40,1
2026-02-27,000001,14:45:06,10.8700,27,1
2026-02-27,000001,14:45:09,10.8700,7,1
2026-02-27,000001,14:45:12,10.8700,215,1
2026-02-27,000001,14:45:15,10.8700,36,1
2026-02-27,000001,14:45:18,10.8700,11,1
2026-02-27,000001,14:45:21,10.8700,95,1
2026-02-27,000001,14:45:24,10.8600,126,2
2026-02-27,000001,14:45:27,10.8600,83,2
2026-02-27,000001,14:45:30,10.8700,16,1
2026-02-27,000001,14:45:33,10.8700,8,1
2026-02-27,000001,14:45:36,10.8700,204,1
2026-02-27,000001,14:45:39,10.8600,106,2
2026-02-27,000001,14:45:42,10.8700,140,1
2026-02-27,000001,14:45:45,10.8700,18,1
2026-02-27,000001,14:45:48,10.8700,103,1
2026-02-27,000001,14:45:51,10.8700,5,1
2026-02-27,000001,14:45:54,10.8700,56,1
2026-02-27,000001,14:45:57,10.8700,102,1
2026-02-27,000001,14:46:03,10.8700,24,1
2026-02-27,000001,14:46:06,10.8700,78,1
2026-02-27,000001,14:46:09,10.8700,7,1
2026-02-27,000001,14:46:12,10.8700,47,1
2026-02-27,000001,14:46:15,10.8600,20,2
2026-02-27,000001,14:46:18,10.8700,10,1
2026-02-27,000001,14:46:21,10.8700,28,1
2026-02-27,000001,14:46:24,10.8600,16,2
2026-02-27,000001,14:46:27,10.8700,86,1
2026-02-27,000001,14:46:30,10.8700,59,1
2026-02-27,000001,14:46:33,10.8700,48,1
2026-02-27,000001,14:46:36,10.8600,30,2
2026-02-27,000001,14:46:42,10.8600,73,2
2026-02-27,000001,14:46:45,10.8600,30,2
2026-02-27,000001,14:46:48,10.8700,51,1
2026-02-27,000001,14:46:51,10.8600,1,2
2026-02-27,000001,14:46:54,10.8600,18,2
2026-02-27,000001,14:46:57,10.8700,93,1
2026-02-27,000001,14:47:00,10.8600,108,2
2026-02-27,000001,14:47:03,10.8700,57,1
2026-02-27,000001,14:47:06,10.8600,16,2
2026-02-27,000001,14:47:09,10.8600,22,2
2026-02-27,000001,14:47:12,10.8700,46,1
2026-02-27,000001,14:47:15,10.8700,9,1
2026-02-27,000001,14:47:18,10.8600,150,2
2026-02-27,000001,14:47:21,10.8700,20,1
2026-02-27,000001,14:47:24,10.8600,431,2
2026-02-27,000001,14:47:27,10.8700,89,1
2026-02-27,000001,14:47:30,10.8700,6,1
2026-02-27,000001,14:47:33,10.8700,15,1
2026-02-27,000001,14:47:36,10.8700,17,1
2026-02-27,000001,14:47:39,10.8700,13,1
2026-02-27,000001,14:47:42,10.8600,79,2
2026-02-27,000001,14:47:45,10.8700,13,1
2026-02-27,000001,14:47:48,10.8700,20,1
2026-02-27,000001,14:47:51,10.8700,64,1
2026-02-27,000001,14:47:54,10.8600,75,2
2026-02-27,000001,14:47:57,10.8700,149,1
2026-02-27,000001,14:48:00,10.8600,13,2
2026-02-27,000001,14:48:03,10.8600,20,2
2026-02-27,000001,14:48:06,10.8700,54,1
2026-02-27,000001,14:48:09,10.8700,72,1
2026-02-27,000001,14:48:12,10.8600,92,2
2026-02-27,000001,14:48:15,10.8700,21,1
2026-02-27,000001,14:48:18,10.8700,49,1
2026-02-27,000001,14:48:21,10.8600,202,2
2026-02-27,000001,14:48:24,10.8700,63,1
2026-02-27,000001,14:48:27,10.8700,925,1
2026-02-27,000001,14:48:30,10.8700,78,1
2026-02-27,000001,14:48:33,10.8700,69,1
2026-02-27,000001,14:48:36,10.8700,19,1
2026-02-27,000001,14:48:42,10.8700,128,1
2026-02-27,000001,14:48:45,10.8700,10,1
2026-02-27,000001,14:48:51,10.8700,54,1
2026-02-27,000001,14:48:54,10.8700,60,1
2026-02-27,000001,14:48:57,10.8700,185,1
2026-02-27,000001,14:49:00,10.8600,29,2
2026-02-27,000001,14:49:03,10.8700,58,1
2026-02-27,000001,14:49:06,10.8700,116,1
2026-02-27,000001,14:49:09,10.8700,299,1
2026-02-27,000001,14:49:12,10.8700,77,1
2026-02-27,000001,14:49:15,10.8700,214,1
2026-02-27,000001,14:49:18,10.8600,5,2
2026-02-27,000001,14:49:21,10.8600,27,2
2026-02-27,000001,14:49:24,10.8600,65,2
2026-02-27,000001,14:49:27,10.8700,148,1
2026-02-27,000001,14:49:30,10.8600,15,2
2026-02-27,000001,14:49:33,10.8700,25,1
2026-02-27,000001,14:49:36,10.8600,6,2
2026-02-27,000001,14:49:39,10.8600,14,2
2026-02-27,000001,14:49:42,10.8600,123,2
2026-02-27,000001,14:49:45,10.8700,2024,1
2026-02-27,000001,14:49:48,10.8700,124,1
2026-02-27,000001,14:49:51,10.8600,32,2
2026-02-27,000001,14:49:54,10.8700,191,1
2026-02-27,000001,14:49:57,10.8700,200,1
2026-02-27,000001,14:50:00,10.8600,53,2
2026-02-27,000001,14:50:03,10.8600,102,2
2026-02-27,000001,14:50:06,10.8600,143,2
2026-02-27,000001,14:50:09,10.8700,13,1
2026-02-27,000001,14:50:12,10.8700,265,1
2026-02-27,000001,14:50:15,10.8700,352,1
2026-02-27,000001,14:50:18,10.8700,3,1
2026-02-27,000001,14:50:21,10.8700,10,1
2026-02-27,000001,14:50:24,10.8700,95,1
2026-02-27,000001,14:50:27,10.8700,147,1
2026-02-27,000001,14:50:30,10.8700,184,1
2026-02-27,000001,14:50:33,10.8700,37,1
2026-02-27,000001,14:50:36,10.8600,49,2
2026-02-27,000001,14:50:39,10.8600,86,2
2026-02-27,000001,14:50:42,10.8700,110,1
2026-02-27,000001,14:50:45,10.8700,55,1
2026-02-27,000001,14:50:48,10.8700,190,1
2026-02-27,000001,14:50:51,10.8700,321,1
2026-02-27,000001,14:50:54,10.8700,858,2
2026-02-27,000001,14:50:57,10.8700,202,1
2026-02-27,000001,14:51:00,10.8700,156,1
2026-02-27,000001,14:51:03,10.8700,73,1
2026-02-27,000001,14:51:06,10.8600,74,2
2026-02-27,000001,14:51:09,10.8600,70,2
2026-02-27,000001,14:51:12,10.8800,6,1
2026-02-27,000001,14:51:15,10.8700,42,2
2026-02-27,000001,14:51:18,10.8700,554,2
2026-02-27,000001,14:51:21,10.8800,41,1
2026-02-27,000001,14:51:24,10.8700,17,2
2026-02-27,000001,14:51:27,10.8800,51,1
2026-02-27,000001,14:51:30,10.8700,71,2
2026-02-27,000001,14:51:33,10.8800,188,1
2026-02-27,000001,14:51:36,10.8800,1091,1
2026-02-27,000001,14:51:39,10.8700,16,2
2026-02-27,000001,14:51:42,10.8700,86,2
2026-02-27,000001,14:51:45,10.8800,695,1
2026-02-27,000001,14:51:48,10.8700,2,2
2026-02-27,000001,14:51:51,10.8700,36,2
2026-02-27,000001,14:51:54,10.8800,117,1
2026-02-27,000001,14:52:00,10.8700,5910,2
2026-02-27,000001,14:52:03,10.8600,214,2
2026-02-27,000001,14:52:06,10.8700,141,1
2026-02-27,000001,14:52:09,10.8800,93,1
2026-02-27,000001,14:52:12,10.8800,460,1
2026-02-27,000001,14:52:15,10.8800,128,1
2026-02-27,000001,14:52:18,10.8600,118,2
2026-02-27,000001,14:52:21,10.8800,6,1
2026-02-27,000001,14:52:24,10.8600,102,2
2026-02-27,000001,14:52:27,10.8700,49,1
2026-02-27,000001,14:52:30,10.8600,141,2
2026-02-27,000001,14:52:33,10.8600,137,2
2026-02-27,000001,14:52:36,10.8700,110,1
2026-02-27,000001,14:52:39,10.8800,137,1
2026-02-27,000001,14:52:42,10.8800,298,1
2026-02-27,000001,14:52:45,10.8700,28,2
2026-02-27,000001,14:52:51,10.8700,534,2
2026-02-27,000001,14:52:54,10.8700,8,1
2026-02-27,000001,14:52:57,10.8700,121,1
2026-02-27,000001,14:53:00,10.8800,79,1
2026-02-27,000001,14:53:03,10.8700,411,2
2026-02-27,000001,14:53:06,10.8700,155,2
2026-02-27,000001,14:53:09,10.8800,88,1
2026-02-27,000001,14:53:12,10.8800,132,1
2026-02-27,000001,14:53:15,10.8700,149,2
2026-02-27,000001,14:53:18,10.8700,30,2
2026-02-27,000001,14:53:21,10.8800,43,1
2026-02-27,000001,14:53:24,10.8700,40,2
2026-02-27,000001,14:53:30,10.8700,1043,2
2026-02-27,000001,14:53:33,10.8800,73,1
2026-02-27,000001,14:53:36,10.8700,11,2
2026-02-27,000001,14:53:39,10.8800,19,1
2026-02-27,000001,14:53:42,10.8700,863,2
2026-02-27,000001,14:53:45,10.8800,179,1
2026-02-27,000001,14:53:48,10.8800,64,1
2026-02-27,000001,14:53:51,10.8700,1,2
2026-02-27,000001,14:53:54,10.8700,558,2
2026-02-27,000001,14:53:57,10.8800,2,1
2026-02-27,000001,14:54:00,10.8700,1,2
2026-02-27,000001,14:54:03,10.8700,60,2
2026-02-27,000001,14:54:06,10.8700,32,2
2026-02-27,000001,14:54:09,10.8800,150,1
2026-02-27,000001,14:54:12,10.8800,1785,1
2026-02-27,000001,14:54:15,10.8700,65,2
2026-02-27,000001,14:54:21,10.8800,971,1
2026-02-27,000001,14:54:24,10.8700,81,2
2026-02-27,000001,14:54:27,10.8800,43,1
2026-02-27,000001,14:54:30,10.8700,19,2
2026-02-27,000001,14:54:33,10.8800,37,1
2026-02-27,000001,14:54:36,10.8700,168,2
2026-02-27,000001,14:54:39,10.8700,93,2
2026-02-27,000001,14:54:42,10.8700,158,2
2026-02-27,000001,14:54:45,10.8700,15,2
2026-02-27,000001,14:54:48,10.8700,378,2
2026-02-27,000001,14:54:51,10.8700,489,2
2026-02-27,000001,14:54:54,10.8800,124,1
2026-02-27,000001,14:54:57,10.8800,151,1
2026-02-27,000001,14:55:00,10.8700,185,2
2026-02-27,000001,14:55:03,10.8700,939,2
2026-02-27,000001,14:55:06,10.8700,67,2
2026-02-27,000001,14:55:09,10.8700,36,2
2026-02-27,000001,14:55:12,10.8700,30,2
2026-02-27,000001,14:55:15,10.8700,1394,2
2026-02-27,000001,14:55:18,10.8700,44,2
2026-02-27,000001,14:55:21,10.8800,64,1
2026-02-27,000001,14:55:24,10.8800,39,1
2026-02-27,000001,14:55:27,10.8700,17,2
2026-02-27,000001,14:55:30,10.8700,210,2
2026-02-27,000001,14:55:33,10.8800,247,1
2026-02-27,000001,14:55:36,10.8800,52,1
2026-02-27,000001,14:55:39,10.8700,69,2
2026-02-27,000001,14:55:42,10.8800,108,1
2026-02-27,000001,14:55:45,10.8600,397,2
2026-02-27,000001,14:55:48,10.8700,381,1
2026-02-27,000001,14:55:51,10.8700,110,1
2026-02-27,000001,14:55:54,10.8700,154,1
2026-02-27,000001,14:55:57,10.8800,15,1
2026-02-27,000001,14:56:00,10.8600,263,2
2026-02-27,000001,14:56:03,10.8800,196,1
2026-02-27,000001,14:56:06,10.8800,17,1
2026-02-27,000001,14:56:09,10.8800,85,1
2026-02-27,000001,14:56:12,10.8600,228,2
2026-02-27,000001,14:56:15,10.8700,90,2
2026-02-27,000001,14:56:18,10.8800,101,1
2026-02-27,000001,14:56:21,10.8700,33,2
2026-02-27,000001,14:56:24,10.8800,580,1
2026-02-27,000001,14:56:27,10.8700,79,2
2026-02-27,000001,14:56:30,10.8600,213,2
2026-02-27,000001,14:56:33,10.8700,64,1
2026-02-27,000001,14:56:36,10.8700,19,2
2026-02-27,000001,14:56:39,10.8700,3,2
2026-02-27,000001,14:56:42,10.8800,79,1
2026-02-27,000001,14:56:45,10.8800,698,1
2026-02-27,000001,14:56:48,10.8600,224,2
2026-02-27,000001,14:56:51,10.8700,24,4
2026-02-27,000001,14:56:54,10.8700,18,1
2026-02-27,000001,14:56:57,10.8600,24,2
2026-02-27,000001,14:57:00,10.8600,417,2
2026-02-27,000001,15:00:03,10.9000,55224,4
2026-02-27,000001,13:02:00,10.8700,5,2
2026-02-27,000001,13:02:03,10.8700,10,2
2026-02-27,000001,13:02:09,10.8700,17,2
2026-02-27,000001,13:02:12,10.8800,46,1
2026-02-27,000001,13:02:18,10.8800,2,1
2026-02-27,000001,13:02:21,10.8800,2,1
2026-02-27,000001,13:02:24,10.8800,168,1
2026-02-27,000001,13:02:36,10.8800,20,1
2026-02-27,000001,13:02:39,10.8700,2,2
2026-02-27,000001,13:02:45,10.8700,14,2
2026-02-27,000001,13:02:51,10.8700,22,2
2026-02-27,000001,13:02:54,10.8800,9,1
2026-02-27,000001,13:03:00,10.8800,66,1
2026-02-27,000001,13:03:03,10.8700,22,2
2026-02-27,000001,13:03:09,10.8700,130,2
2026-02-27,000001,13:03:12,10.8800,138,1
2026-02-27,000001,13:03:15,10.8800,29,1
2026-02-27,000001,13:03:21,10.8700,8,2
2026-02-27,000001,13:03:24,10.8700,1,2
2026-02-27,000001,13:03:30,10.8700,2,2
2026-02-27,000001,13:03:33,10.8700,20,2
2026-02-27,000001,13:03:36,10.8700,8,2
2026-02-27,000001,13:03:39,10.8800,10,1
2026-02-27,000001,13:03:51,10.8700,65,2
2026-02-27,000001,13:03:54,10.8700,9,2
2026-02-27,000001,13:04:03,10.8700,1,2
2026-02-27,000001,13:04:06,10.8800,1,1
2026-02-27,000001,13:04:09,10.8800,311,1
2026-02-27,000001,13:04:12,10.8800,5,1
2026-02-27,000001,13:04:15,10.8800,905,1
2026-02-27,000001,13:04:21,10.8900,1,1
2026-02-27,000001,13:04:24,10.8800,50,2
2026-02-27,000001,13:04:27,10.8800,299,2
2026-02-27,000001,13:04:30,10.8900,34,1
2026-02-27,000001,13:04:33,10.8800,5,2
2026-02-27,000001,13:04:36,10.8900,3,1
2026-02-27,000001,13:04:39,10.8800,49,2
2026-02-27,000001,13:04:42,10.8800,13,2
2026-02-27,000001,13:04:45,10.8800,59,2
2026-02-27,000001,13:04:48,10.8800,46,2
2026-02-27,000001,13:04:51,10.8900,10,1
2026-02-27,000001,13:04:57,10.8900,12,1
2026-02-27,000001,13:05:03,10.8900,3,1
2026-02-27,000001,13:05:09,10.8900,100,1
2026-02-27,000001,13:05:12,10.8800,42,2
2026-02-27,000001,13:05:18,10.8800,28,2
2026-02-27,000001,13:05:21,10.8900,156,1
2026-02-27,000001,13:05:24,10.8900,10,1
2026-02-27,000001,13:05:27,10.8900,8,1
2026-02-27,000001,13:05:30,10.8900,13,1
2026-02-27,000001,13:05:33,10.8900,5,1
2026-02-27,000001,13:05:36,10.8900,640,1
2026-02-27,000001,13:05:54,10.8900,30,1
2026-02-27,000001,13:05:57,10.8800,21,2
2026-02-27,000001,13:06:00,10.8900,15,1
2026-02-27,000001,13:06:03,10.9000,5998,1
2026-02-27,000001,13:06:06,10.8900,26,2
2026-02-27,000001,13:06:09,10.8900,20,2
2026-02-27,000001,13:06:12,10.8900,107,2
2026-02-27,000001,13:06:15,10.8900,20,2
2026-02-27,000001,13:06:18,10.8900,21,2
2026-02-27,000001,13:06:21,10.9000,7,1
2026-02-27,000001,13:06:24,10.8900,46,2
2026-02-27,000001,13:06:27,10.9000,2,1
2026-02-27,000001,13:06:30,10.9000,4261,1
2026-02-27,000001,13:06:33,10.8900,79,2
2026-02-27,000001,13:06:36,10.9000,2,1
2026-02-27,000001,13:06:39,10.9000,1043,1
2026-02-27,000001,13:06:42,10.9000,47,1
2026-02-27,000001,13:06:45,10.9000,348,1
2026-02-27,000001,13:06:48,10.9000,616,1
2026-02-27,000001,13:06:51,10.9000,1487,1
2026-02-27,000001,13:06:54,10.9000,4194,1
2026-02-27,000001,13:06:57,10.9000,46,2
2026-02-27,000001,13:07:00,10.9000,103,2
2026-02-27,000001,13:07:03,10.9100,156,1
2026-02-27,000001,13:07:06,10.9000,220,2
2026-02-27,000001,13:07:15,10.9000,50,2
2026-02-27,000001,13:07:18,10.9000,39,2
2026-02-27,000001,13:07:21,10.9000,12,2
2026-02-27,000001,13:07:24,10.9000,10,2
2026-02-27,000001,13:07:27,10.9100,232,1
2026-02-27,000001,13:07:30,10.9000,197,2
2026-02-27,000001,13:07:33,10.9000,28,2
2026-02-27,000001,13:07:36,10.9000,36,2
2026-02-27,000001,13:07:39,10.9000,201,2
2026-02-27,000001,13:07:42,10.9000,212,2
2026-02-27,000001,13:07:48,10.9000,8,2
2026-02-27,000001,13:07:51,10.9100,45,1
2026-02-27,000001,13:07:54,10.9100,113,1
2026-02-27,000001,13:07:57,10.9000,16,2
2026-02-27,000001,13:08:00,10.9100,1,1
2026-02-27,000001,13:08:03,10.9000,12,2
2026-02-27,000001,13:08:06,10.9000,157,2
2026-02-27,000001,13:08:09,10.9000,33,2
2026-02-27,000001,13:08:12,10.9000,740,2
2026-02-27,000001,13:08:15,10.9100,28,1
2026-02-27,000001,13:08:18,10.9000,10,2
2026-02-27,000001,13:08:21,10.9000,7,2
2026-02-27,000001,13:08:24,10.9000,5,2
2026-02-27,000001,13:08:27,10.9000,2,2
2026-02-27,000001,13:08:30,10.9000,11,2
2026-02-27,000001,13:08:33,10.9100,90,1
2026-02-27,000001,13:08:36,10.9000,21,2
2026-02-27,000001,13:08:39,10.9100,13,1
2026-02-27,000001,13:08:42,10.9100,56,1
2026-02-27,000001,13:08:45,10.9000,6,2
2026-02-27,000001,13:08:48,10.9000,2,2
2026-02-27,000001,13:08:51,10.9000,19,2
2026-02-27,000001,13:08:54,10.9000,48,2
2026-02-27,000001,13:08:57,10.9000,605,2
2026-02-27,000001,13:09:00,10.9000,21,2
2026-02-27,000001,13:09:03,10.9000,310,2
2026-02-27,000001,13:09:06,10.9000,141,2
2026-02-27,000001,13:09:09,10.9000,66,2
2026-02-27,000001,13:09:12,10.9000,214,2
2026-02-27,000001,13:09:15,10.9000,1119,2
2026-02-27,000001,13:09:18,10.9000,26,1
2026-02-27,000001,13:09:21,10.9000,348,1
2026-02-27,000001,13:09:24,10.8900,29,2
2026-02-27,000001,13:09:27,10.9000,1,1
2026-02-27,000001,13:09:33,10.8900,132,2
2026-02-27,000001,13:09:42,10.9000,5,1
2026-02-27,000001,13:09:54,10.9000,36,1
2026-02-27,000001,13:09:57,10.9000,29,1
2026-02-27,000001,13:10:00,10.9000,1678,1
2026-02-27,000001,13:10:06,10.9000,3,1
2026-02-27,000001,13:10:09,10.9000,12,1
2026-02-27,000001,13:10:12,10.9000,161,1
2026-02-27,000001,13:10:15,10.9000,39,1
2026-02-27,000001,13:10:18,10.9000,1583,1
2026-02-27,000001,13:10:21,10.9000,352,1
2026-02-27,000001,13:10:24,10.9000,360,1
2026-02-27,000001,13:10:27,10.9000,16,2
2026-02-27,000001,13:10:30,10.9000,10,2
2026-02-27,000001,13:10:33,10.9000,13,2
2026-02-27,000001,13:10:36,10.9100,1168,1
2026-02-27,000001,13:10:39,10.9000,95,2
2026-02-27,000001,13:10:42,10.9000,58,2
2026-02-27,000001,13:10:45,10.9100,24,1
2026-02-27,000001,13:10:51,10.9000,50,2
2026-02-27,000001,13:10:54,10.9000,6,2
2026-02-27,000001,13:10:57,10.9100,4,1
2026-02-27,000001,13:11:00,10.9100,4690,1
2026-02-27,000001,13:11:03,10.9000,110,2
2026-02-27,000001,13:11:06,10.9100,212,1
2026-02-27,000001,13:11:12,10.9100,45,1
2026-02-27,000001,13:11:15,10.9000,73,2
2026-02-27,000001,13:11:18,10.9100,81,1
2026-02-27,000001,13:11:21,10.9000,17,2
2026-02-27,000001,13:11:27,10.9100,178,1
2026-02-27,000001,13:11:30,10.9100,16,1
2026-02-27,000001,13:11:39,10.9100,58,1
2026-02-27,000001,13:11:42,10.9100,9,1
2026-02-27,000001,13:11:45,10.9000,23,2
2026-02-27,000001,13:11:48,10.9100,67,1
2026-02-27,000001,13:11:51,10.9100,2,1
2026-02-27,000001,13:11:54,10.9000,3,2
2026-02-27,000001,13:11:57,10.9100,21,1
2026-02-27,000001,13:12:00,10.9100,81,1
2026-02-27,000001,13:12:03,10.9000,6,2
2026-02-27,000001,13:12:06,10.9100,21,1
2026-02-27,000001,13:12:09,10.9100,18,1
2026-02-27,000001,13:12:12,10.9000,1,2
2026-02-27,000001,13:12:15,10.9000,21,2
2026-02-27,000001,13:12:21,10.9000,7603,2
2026-02-27,000001,13:12:24,10.9100,2732,1
2026-02-27,000001,13:12:27,10.9100,7570,2
2026-02-27,000001,13:12:30,10.9200,60,1
2026-02-27,000001,13:12:33,10.9100,55,2
2026-02-27,000001,13:12:36,10.9100,41,2
2026-02-27,000001,13:12:39,10.9100,16,2
2026-02-27,000001,13:12:42,10.9200,140,1
2026-02-27,000001,13:12:45,10.9100,1,2
2026-02-27,000001,13:12:48,10.9200,15,1
2026-02-27,000001,13:12:54,10.9200,83,1
2026-02-27,000001,13:12:57,10.9200,277,1
2026-02-27,000001,13:13:00,10.9100,375,2
2026-02-27,000001,13:13:03,10.9200,18,1
2026-02-27,000001,13:13:06,10.9100,68,2
2026-02-27,000001,13:13:09,10.9200,5,1
2026-02-27,000001,13:13:12,10.9100,6,2
2026-02-27,000001,13:13:15,10.9100,83,2
2026-02-27,000001,13:13:18,10.9200,24,1
2026-02-27,000001,13:13:21,10.9200,2,1
2026-02-27,000001,13:13:24,10.9100,37,2
2026-02-27,000001,13:13:27,10.9200,10,1
2026-02-27,000001,13:13:30,10.9200,28,1
2026-02-27,000001,13:13:33,10.9200,143,1
2026-02-27,000001,13:13:36,10.9100,156,2
2026-02-27,000001,13:13:39,10.9200,7,1
2026-02-27,000001,13:13:42,10.9100,63,2
2026-02-27,000001,13:13:45,10.9100,47,2
2026-02-27,000001,13:13:48,10.9200,54,1
2026-02-27,000001,13:13:51,10.9100,5,2
2026-02-27,000001,13:13:54,10.9200,12,1
2026-02-27,000001,13:13:57,10.9200,124,1
2026-02-27,000001,13:14:00,10.9100,5,2
2026-02-27,000001,13:14:03,10.9200,223,1
2026-02-27,000001,13:14:06,10.9100,11,2
2026-02-27,000001,13:14:09,10.9100,27,2
2026-02-27,000001,13:14:12,10.9200,37,1
2026-02-27,000001,13:14:15,10.9200,59,1
2026-02-27,000001,13:14:18,10.9100,67,2
2026-02-27,000001,13:14:21,10.9100,161,2
2026-02-27,000001,13:14:24,10.9200,37,1
2026-02-27,000001,13:14:27,10.9100,26,2
2026-02-27,000001,13:14:30,10.9200,6,1
2026-02-27,000001,13:14:33,10.9100,52,2
2026-02-27,000001,13:14:36,10.9100,48,2
2026-02-27,000001,13:14:39,10.9100,4,2
2026-02-27,000001,13:14:42,10.9100,4,2
2026-02-27,000001,13:14:45,10.9200,55,1
2026-02-27,000001,13:14:48,10.9100,49,2
2026-02-27,000001,13:14:51,10.9200,44,1
2026-02-27,000001,13:14:57,10.9200,2,1
2026-02-27,000001,13:15:00,10.9200,5,1
2026-02-27,000001,13:15:03,10.9200,100,1
2026-02-27,000001,13:15:06,10.9100,41,2
2026-02-27,000001,13:15:09,10.9200,41,1
2026-02-27,000001,13:15:15,10.9100,3,2
2026-02-27,000001,13:15:18,10.9100,30,2
2026-02-27,000001,13:15:21,10.9100,64,2
2026-02-27,000001,13:15:24,10.9100,27,2
2026-02-27,000001,13:15:27,10.9100,22,2
2026-02-27,000001,13:15:30,10.9100,146,2
2026-02-27,000001,13:15:33,10.9100,24,2
2026-02-27,000001,13:15:36,10.9100,15,2
2026-02-27,000001,13:15:39,10.9100,34,2
2026-02-27,000001,13:15:42,10.9100,66,2
2026-02-27,000001,13:15:45,10.9100,126,2
2026-02-27,000001,13:15:48,10.9100,93,2
2026-02-27,000001,13:15:51,10.9100,49,2
2026-02-27,000001,13:15:54,10.9100,59,2
2026-02-27,000001,13:15:57,10.9100,51,2
2026-02-27,000001,13:16:00,10.9200,989,1
2026-02-27,000001,13:16:03,10.9100,13,2
2026-02-27,000001,13:16:06,10.9200,21,1
2026-02-27,000001,13:16:09,10.9100,10,2
2026-02-27,000001,13:16:15,10.9100,22,2
2026-02-27,000001,13:16:18,10.9200,26,1
2026-02-27,000001,13:16:24,10.9200,30,1
2026-02-27,000001,13:16:27,10.9200,5,1
2026-02-27,000001,13:16:30,10.9100,19,2
2026-02-27,000001,13:16:33,10.9200,116,1
2026-02-27,000001,13:16:36,10.9200,82,1
2026-02-27,000001,13:16:39,10.9100,122,2
2026-02-27,000001,13:16:42,10.9100,47,2
2026-02-27,000001,13:16:45,10.9100,10,2
2026-02-27,000001,13:16:48,10.9100,116,2
2026-02-27,000001,13:16:51,10.9200,25,1
2026-02-27,000001,13:17:00,10.9200,142,1
2026-02-27,000001,13:17:03,10.9100,12,2
2026-02-27,000001,13:17:06,10.9200,10,1
2026-02-27,000001,13:17:09,10.9200,18,1
2026-02-27,000001,13:17:21,10.9200,22,1
2026-02-27,000001,13:17:24,10.9200,2,1
2026-02-27,000001,13:17:27,10.9100,261,2
2026-02-27,000001,13:17:30,10.9200,104,1
2026-02-27,000001,13:17:33,10.9100,68,2
2026-02-27,000001,13:17:36,10.9100,75,2
2026-02-27,000001,13:17:39,10.9200,12,1
2026-02-27,000001,13:17:42,10.9100,10,2
2026-02-27,000001,13:17:45,10.9100,229,2
2026-02-27,000001,13:17:48,10.9100,35,2
2026-02-27,000001,13:17:51,10.9200,13,1
2026-02-27,000001,13:17:54,10.9200,47,1
2026-02-27,000001,13:17:57,10.9100,11,2
2026-02-27,000001,13:18:00,10.9100,101,2
2026-02-27,000001,13:18:03,10.9100,65,2
2026-02-27,000001,13:18:12,10.9100,106,2
2026-02-27,000001,13:18:15,10.9100,50,2
2026-02-27,000001,13:18:21,10.9200,2,1
2026-02-27,000001,13:18:24,10.9100,92,2
2026-02-27,000001,13:18:27,10.9100,137,2
2026-02-27,000001,13:18:30,10.9200,66,1
2026-02-27,000001,13:18:33,10.9200,18,1
2026-02-27,000001,13:18:36,10.9100,2188,2
2026-02-27,000001,13:18:39,10.9200,128,1
2026-02-27,000001,13:18:45,10.9100,50,2
2026-02-27,000001,13:18:48,10.9200,10,1
2026-02-27,000001,13:18:51,10.9200,49,1
2026-02-27,000001,13:18:54,10.9100,4,2
2026-02-27,000001,13:18:57,10.9200,30,1
2026-02-27,000001,13:19:00,10.9200,20,1
2026-02-27,000001,13:19:03,10.9100,9253,2
2026-02-27,000001,13:19:06,10.9200,17,1
2026-02-27,000001,13:19:09,10.9200,6,1
2026-02-27,000001,13:19:12,10.9100,11,2
2026-02-27,000001,13:19:15,10.9100,230,2
2026-02-27,000001,13:19:18,10.9200,61,1
2026-02-27,000001,13:19:21,10.9100,25,2
2026-02-27,000001,13:19:24,10.9100,4408,2
2026-02-27,000001,13:19:27,10.9200,57,1
2026-02-27,000001,13:19:30,10.9200,13,1
2026-02-27,000001,13:19:33,10.9100,93,2
2026-02-27,000001,13:19:36,10.9200,15,1
2026-02-27,000001,13:19:42,10.9100,162,2
2026-02-27,000001,13:19:45,10.9100,190,2
2026-02-27,000001,13:19:48,10.9100,355,2
2026-02-27,000001,13:19:51,10.9100,192,2
2026-02-27,000001,13:19:54,10.9100,235,2
2026-02-27,000001,13:19:57,10.9100,1601,2
2026-02-27,000001,13:20:00,10.9200,135,1
2026-02-27,000001,13:20:03,10.9100,668,2
2026-02-27,000001,13:20:06,10.9100,396,2
2026-02-27,000001,13:20:09,10.9100,161,2
2026-02-27,000001,13:20:12,10.9100,35,2
2026-02-27,000001,13:20:15,10.9200,437,1
2026-02-27,000001,13:20:18,10.9100,196,2
2026-02-27,000001,13:20:21,10.9100,188,2
2026-02-27,000001,13:20:24,10.9100,27,2
2026-02-27,000001,13:20:27,10.9100,265,2
2026-02-27,000001,13:20:30,10.9100,278,2
2026-02-27,000001,13:20:33,10.9100,137,2
2026-02-27,000001,13:20:36,10.9200,61,1
2026-02-27,000001,13:20:39,10.9100,10,2
2026-02-27,000001,13:20:42,10.9100,1,2
2026-02-27,000001,13:20:45,10.9100,10,2
2026-02-27,000001,13:20:48,10.9100,270,2
2026-02-27,000001,13:20:51,10.9100,2,2
2026-02-27,000001,13:20:57,10.9100,2,2
2026-02-27,000001,13:21:00,10.9200,510,1
2026-02-27,000001,13:21:03,10.9100,1368,2
2026-02-27,000001,13:21:06,10.9100,37,2
2026-02-27,000001,13:21:09,10.9100,182,2
2026-02-27,000001,13:21:12,10.9100,24,2
2026-02-27,000001,13:21:15,10.9100,11,2
2026-02-27,000001,13:21:18,10.9200,315,1
2026-02-27,000001,13:21:24,10.9100,31,2
2026-02-27,000001,13:21:27,10.9100,32,2
2026-02-27,000001,13:21:30,10.9100,490,2
2026-02-27,000001,13:21:33,10.9100,194,2
2026-02-27,000001,13:21:36,10.9100,19,1
2026-02-27,000001,13:21:39,10.9000,16,2
2026-02-27,000001,13:21:42,10.9000,54,2
2026-02-27,000001,13:21:45,10.9100,9,1
2026-02-27,000001,13:21:48,10.9100,14,1
2026-02-27,000001,13:21:54,10.9000,5,2
2026-02-27,000001,13:22:00,10.9100,41,1
2026-02-27,000001,13:22:06,10.9000,3531,2
2026-02-27,000001,13:22:09,10.9000,1,2
2026-02-27,000001,13:22:15,10.9100,20,1
2026-02-27,000001,13:22:21,10.9000,20,2
2026-02-27,000001,13:22:27,10.9100,221,1
2026-02-27,000001,13:22:39,10.9000,2600,2
2026-02-27,000001,13:22:42,10.9000,1,2
2026-02-27,000001,13:22:45,10.9000,1962,2
2026-02-27,000001,13:22:48,10.9100,103,1
2026-02-27,000001,13:22:57,10.9000,20,2
2026-02-27,000001,13:23:03,10.9100,5,1
2026-02-27,000001,13:23:06,10.9000,10,2
2026-02-27,000001,13:23:09,10.9000,1221,2
2026-02-27,000001,13:23:12,10.9000,20,2
2026-02-27,000001,13:23:15,10.9000,8,2
2026-02-27,000001,13:23:18,10.9000,4,2
2026-02-27,000001,13:23:24,10.9000,35,2
2026-02-27,000001,13:23:27,10.9000,36,2
2026-02-27,000001,13:23:30,10.9000,161,2
2026-02-27,000001,13:23:33,10.9000,22,2
2026-02-27,000001,13:23:36,10.9000,16,2
2026-02-27,000001,13:23:42,10.9100,757,1
2026-02-27,000001,13:23:51,10.9100,15,1
2026-02-27,000001,13:23:54,10.9000,50,2
2026-02-27,000001,13:24:00,10.9100,10,1
2026-02-27,000001,13:24:03,10.9000,12,2
2026-02-27,000001,13:24:06,10.9000,100,2
2026-02-27,000001,13:24:15,10.9000,1056,2
2026-02-27,000001,13:24:18,10.9000,23,2
2026-02-27,000001,13:24:21,10.9000,2,2
2026-02-27,000001,13:24:24,10.9000,1,2
2026-02-27,000001,13:24:27,10.9000,80,2
2026-02-27,000001,13:24:33,10.9000,140,2
2026-02-27,000001,13:24:42,10.9000,22,2
2026-02-27,000001,13:24:48,10.9000,1551,2
2026-02-27,000001,13:24:51,10.8900,86,2
2026-02-27,000001,13:24:57,10.8900,10,2
2026-02-27,000001,13:25:00,10.9000,12,1
2026-02-27,000001,13:25:03,10.9000,31,1
2026-02-27,000001,13:25:12,10.9000,31,1
2026-02-27,000001,13:25:18,10.9000,120,1
2026-02-27,000001,13:25:21,10.8900,1794,2
2026-02-27,000001,13:25:24,10.8900,14,2
2026-02-27,000001,13:25:36,10.9000,25,1
2026-02-27,000001,13:25:42,10.9000,17,1
2026-02-27,000001,13:25:45,10.9000,64,1
2026-02-27,000001,13:25:51,10.9000,1820,1
2026-02-27,000001,13:25:54,10.8900,21,2
2026-02-27,000001,13:26:03,10.8900,28,2
2026-02-27,000001,13:26:06,10.8900,45,2
2026-02-27,000001,13:26:09,10.8900,95,2
2026-02-27,000001,13:26:12,10.8900,116,2
2026-02-27,000001,13:26:15,10.8900,47,2
2026-02-27,000001,13:26:18,10.9000,489,1
2026-02-27,000001,13:26:21,10.8900,1296,2
2026-02-27,000001,13:26:24,10.9000,31,1
2026-02-27,000001,13:26:27,10.8900,204,2
2026-02-27,000001,13:26:30,10.8900,8,2
2026-02-27,000001,13:26:33,10.8900,169,2
2026-02-27,000001,13:26:36,10.9000,19,1
2026-02-27,000001,13:26:39,10.9000,83,1
2026-02-27,000001,13:26:42,10.8900,63,2
2026-02-27,000001,13:26:48,10.8900,20,2
2026-02-27,000001,13:26:51,10.8900,134,2
2026-02-27,000001,13:26:57,10.8900,481,2
2026-02-27,000001,13:27:00,10.8900,21,2
2026-02-27,000001,13:27:03,10.8900,36,2
2026-02-27,000001,13:27:06,10.8900,68,2
2026-02-27,000001,13:27:09,10.8900,57,2
2026-02-27,000001,13:27:12,10.9000,12,1
2026-02-27,000001,13:27:15,10.9000,13,1
2026-02-27,000001,13:27:18,10.8900,13,2
2026-02-27,000001,13:27:21,10.8900,59,2
2026-02-27,000001,13:27:24,10.8900,34,2
2026-02-27,000001,13:27:27,10.8900,381,2
2026-02-27,000001,13:27:30,10.9000,140,1
2026-02-27,000001,13:27:33,10.8900,60,2
2026-02-27,000001,13:27:39,10.9000,24,1
2026-02-27,000001,13:27:42,10.8900,61,2
2026-02-27,000001,13:27:45,10.9000,29,1
2026-02-27,000001,13:27:48,10.8900,43,2
2026-02-27,000001,13:27:54,10.9000,19,1
2026-02-27,000001,13:27:57,10.8900,67,2
2026-02-27,000001,13:28:00,10.8900,237,2
2026-02-27,000001,13:28:03,10.9000,321,1
2026-02-27,000001,13:28:06,10.8900,40,2
2026-02-27,000001,13:28:09,10.8800,2,2
2026-02-27,000001,13:28:12,10.8800,77,2
2026-02-27,000001,13:28:15,10.8900,34,1
2026-02-27,000001,13:28:18,10.8900,8,1
2026-02-27,000001,13:28:21,10.8900,29,1
2026-02-27,000001,13:28:24,10.8900,142,1
2026-02-27,000001,13:28:27,10.8800,49,2
2026-02-27,000001,13:28:30,10.8900,3623,1
2026-02-27,000001,13:28:33,10.8900,69,1
2026-02-27,000001,13:28:36,10.8900,3,1
2026-02-27,000001,13:28:39,10.8900,33,1
2026-02-27,000001,13:28:42,10.8900,60,1
2026-02-27,000001,13:28:45,10.8800,381,2
2026-02-27,000001,13:28:48,10.8900,62,1
2026-02-27,000001,13:28:51,10.8900,25,1
2026-02-27,000001,13:28:54,10.8900,14,1
2026-02-27,000001,13:28:57,10.8900,68,1
2026-02-27,000001,13:29:00,10.8800,2091,2
2026-02-27,000001,13:29:03,10.8900,41,1
2026-02-27,000001,13:29:06,10.8800,28,2
2026-02-27,000001,13:29:09,10.8900,1,1
2026-02-27,000001,13:29:18,10.8900,151,1
2026-02-27,000001,13:29:21,10.8800,17,2
2026-02-27,000001,13:29:24,10.8900,5,1
2026-02-27,000001,13:29:33,10.8800,3,2
2026-02-27,000001,13:29:36,10.8800,1412,2
2026-02-27,000001,13:29:39,10.8800,4,2
2026-02-27,000001,13:29:42,10.8900,52,1
2026-02-27,000001,13:29:45,10.8900,10,1
2026-02-27,000001,13:29:48,10.8800,3,2
2026-02-27,000001,13:30:03,10.8900,228,1
2026-02-27,000001,13:30:06,10.8800,441,2
2026-02-27,000001,13:30:09,10.8900,2238,1
2026-02-27,000001,13:30:12,10.8900,143,1
2026-02-27,000001,13:30:15,10.8900,45,1
2026-02-27,000001,13:30:18,10.8900,95,1
2026-02-27,000001,13:30:21,10.8900,2,4
2026-02-27,000001,13:30:24,10.8800,40,2
2026-02-27,000001,13:30:27,10.8800,2,2
2026-02-27,000001,13:30:30,10.8900,74,1
2026-02-27,000001,13:30:33,10.8900,93,2
2026-02-27,000001,13:30:36,10.9000,59,1
2026-02-27,000001,13:30:39,10.8900,1413,4
2026-02-27,000001,13:30:42,10.9000,1916,1
2026-02-27,000001,13:30:45,10.8900,22,4
2026-02-27,000001,13:30:48,10.8800,32,2
2026-02-27,000001,13:30:57,10.8800,18,2
2026-02-27,000001,13:31:00,10.9000,43,1
2026-02-27,000001,13:31:03,10.8900,231,4
2026-02-27,000001,13:31:06,10.8900,69,1
2026-02-27,000001,13:31:09,10.8900,577,1
2026-02-27,000001,13:31:12,10.8800,16,2
2026-02-27,000001,13:31:15,10.8900,2378,1
2026-02-27,000001,13:31:18,10.8800,30,2
2026-02-27,000001,13:31:21,10.8800,145,2
2026-02-27,000001,13:31:27,10.8900,26,1
2026-02-27,000001,13:31:30,10.8800,11,2
2026-02-27,000001,13:31:33,10.8900,12,1
2026-02-27,000001,13:31:36,10.8800,211,2
2026-02-27,000001,13:31:39,10.8900,46,1
2026-02-27,000001,13:31:42,10.8800,36,2
2026-02-27,000001,13:31:45,10.8900,1223,1
2026-02-27,000001,13:31:51,10.8900,32,1
2026-02-27,000001,13:31:57,10.8900,3,1
2026-02-27,000001,13:32:00,10.8900,13,1
2026-02-27,000001,13:32:03,10.8800,79,2
2026-02-27,000001,13:32:09,10.8800,2,2
2026-02-27,000001,13:32:15,10.8800,1843,2
2026-02-27,000001,13:32:18,10.8800,24,2
2026-02-27,000001,13:32:24,10.8800,2,2
2026-02-27,000001,13:32:30,10.8900,4,1
2026-02-27,000001,13:32:33,10.8800,8,2
2026-02-27,000001,13:32:36,10.8900,13,1
2026-02-27,000001,13:32:39,10.8900,1,1
2026-02-27,000001,13:32:42,10.8800,51,2
2026-02-27,000001,13:32:45,10.8900,10,1
2026-02-27,000001,13:32:48,10.8800,28,2
2026-02-27,000001,13:32:51,10.8800,1659,2
2026-02-27,000001,13:32:54,10.8900,297,1
2026-02-27,000001,13:32:57,10.8800,24,2
2026-02-27,000001,13:33:00,10.8900,10,1
2026-02-27,000001,13:33:03,10.8800,4,2
2026-02-27,000001,13:33:06,10.8900,18,1
2026-02-27,000001,13:33:09,10.8900,19,1
2026-02-27,000001,13:33:12,10.8800,12,2
2026-02-27,000001,13:33:15,10.8800,10,2
2026-02-27,000001,13:33:18,10.8800,12,2
2026-02-27,000001,13:33:21,10.8800,1227,2
2026-02-27,000001,13:33:24,10.8800,1,2
2026-02-27,000001,13:33:27,10.8800,123,2
2026-02-27,000001,13:33:30,10.8800,13,2
2026-02-27,000001,13:33:33,10.8800,12,2
2026-02-27,000001,13:33:36,10.8800,1560,2
2026-02-27,000001,13:33:39,10.8800,38,1
2026-02-27,000001,13:33:42,10.8700,35,2
2026-02-27,000001,13:33:45,10.8800,2,1
2026-02-27,000001,13:33:48,10.8700,12371,2
2026-02-27,000001,13:33:57,10.8700,640,2
2026-02-27,000001,13:34:03,10.8700,10,2
2026-02-27,000001,13:34:06,10.8700,46,2
2026-02-27,000001,13:34:09,10.8700,740,2
2026-02-27,000001,13:34:12,10.8800,77,1
2026-02-27,000001,13:34:18,10.8700,27,2
2026-02-27,000001,13:34:21,10.8700,376,2
2026-02-27,000001,13:34:27,10.8700,12,2
2026-02-27,000001,13:34:30,10.8700,37,2
2026-02-27,000001,13:34:33,10.8700,609,2
2026-02-27,000001,13:34:36,10.8700,275,2
2026-02-27,000001,13:34:39,10.8700,51,4
2026-02-27,000001,13:34:42,10.8700,38,1
2026-02-27,000001,13:34:45,10.8700,39,1
2026-02-27,000001,13:34:48,10.8700,29,1
2026-02-27,000001,13:34:51,10.8600,364,2
2026-02-27,000001,13:34:54,10.8800,42,1
2026-02-27,000001,13:34:57,10.8700,26,2
2026-02-27,000001,13:35:00,10.8700,56,2
2026-02-27,000001,13:35:03,10.8700,257,2
2026-02-27,000001,13:35:06,10.8700,47,2
2026-02-27,000001,13:35:09,10.8700,166,1
2026-02-27,000001,13:35:12,10.8600,77,2
2026-02-27,000001,13:35:15,10.8700,25,4
2026-02-27,000001,13:35:18,10.8700,59,4
2026-02-27,000001,13:35:21,10.8700,89,2
2026-02-27,000001,13:35:24,10.8700,5,4
2026-02-27,000001,13:35:27,10.8800,17,1
2026-02-27,000001,13:35:30,10.8600,1,2
2026-02-27,000001,13:35:33,10.8700,67,2
2026-02-27,000001,13:35:36,10.8700,259,4
2026-02-27,000001,13:35:39,10.8700,50,4
2026-02-27,000001,13:35:42,10.8700,125,1
2026-02-27,000001,13:35:45,10.8700,67,1
2026-02-27,000001,13:35:48,10.8700,1020,1
2026-02-27,000001,13:35:51,10.8700,31,4
2026-02-27,000001,13:35:54,10.8700,5,2
2026-02-27,000001,13:35:57,10.8700,68,2
2026-02-27,000001,13:36:00,10.8800,120,1
2026-02-27,000001,13:36:03,10.8700,157,2
2026-02-27,000001,13:36:09,10.8700,224,2
2026-02-27,000001,13:36:12,10.8700,50,2
2026-02-27,000001,13:36:18,10.8800,358,1
2026-02-27,000001,13:36:21,10.8600,1201,2
2026-02-27,000001,13:36:24,10.8700,52,1
2026-02-27,000001,13:36:27,10.8700,14,2
2026-02-27,000001,13:36:30,10.8800,65,1
2026-02-27,000001,13:36:33,10.8800,104,1
2026-02-27,000001,13:36:39,10.8800,99,1
2026-02-27,000001,13:36:42,10.8700,31,2
2026-02-27,000001,13:36:45,10.8800,9,1
2026-02-27,000001,13:36:48,10.8700,1,2
2026-02-27,000001,13:36:51,10.8800,20,1
2026-02-27,000001,13:37:03,10.8700,40,2
2026-02-27,000001,13:37:06,10.8700,40,2
2026-02-27,000001,13:37:09,10.8700,39,2
2026-02-27,000001,13:37:15,10.8700,2321,2
2026-02-27,000001,13:37:18,10.8800,31,1
2026-02-27,000001,13:37:36,10.8700,5,2
2026-02-27,000001,13:37:42,10.8800,2,1
2026-02-27,000001,13:37:48,10.8700,1643,2
2026-02-27,000001,13:37:51,10.8700,13,2
2026-02-27,000001,13:37:57,10.8700,1,2
2026-02-27,000001,13:38:03,10.8800,20,1
2026-02-27,000001,13:38:06,10.8800,70,1
2026-02-27,000001,13:38:09,10.8700,1,2
2026-02-27,000001,13:38:12,10.8800,42,1
2026-02-27,000001,13:38:15,10.8700,25,2
2026-02-27,000001,13:38:18,10.8800,52,1
2026-02-27,000001,13:38:21,10.8700,1231,2
2026-02-27,000001,13:38:24,10.8700,103,2
2026-02-27,000001,13:38:27,10.8800,39,1
2026-02-27,000001,13:38:30,10.8800,34,1
2026-02-27,000001,13:38:36,10.8700,211,2
2026-02-27,000001,13:38:39,10.8800,472,1
2026-02-27,000001,13:38:42,10.8700,3019,2
2026-02-27,000001,13:38:45,10.8600,6,2
2026-02-27,000001,13:38:48,10.8600,7,2
2026-02-27,000001,13:38:51,10.8700,1,1
2026-02-27,000001,13:38:54,10.8700,14,1
2026-02-27,000001,13:38:57,10.8700,4,1
2026-02-27,000001,13:39:00,10.8600,43,2
2026-02-27,000001,13:39:03,10.8600,38,2
2026-02-27,000001,13:39:06,10.8700,15,1
2026-02-27,000001,13:39:09,10.8700,1,1
2026-02-27,000001,13:39:12,10.8600,36,2
2026-02-27,000001,13:39:15,10.8700,17,1
2026-02-27,000001,13:39:21,10.8700,11,1
2026-02-27,000001,13:39:24,10.8600,97,2
2026-02-27,000001,13:39:27,10.8700,172,1
2026-02-27,000001,13:39:30,10.8700,34,1
2026-02-27,000001,13:39:33,10.8700,20,1
2026-02-27,000001,13:39:36,10.8700,33,1
2026-02-27,000001,13:39:39,10.8700,86,1
2026-02-27,000001,13:39:42,10.8700,7,1
2026-02-27,000001,13:39:45,10.8700,153,1
2026-02-27,000001,13:39:48,10.8700,48,1
2026-02-27,000001,13:39:51,10.8700,34,1
2026-02-27,000001,13:39:54,10.8700,33,1
2026-02-27,000001,13:39:57,10.8600,81,2
2026-02-27,000001,13:40:00,10.8600,25,2
2026-02-27,000001,13:40:03,10.8600,6,2
2026-02-27,000001,13:40:12,10.8600,241,2
2026-02-27,000001,13:40:18,10.8700,5,1
2026-02-27,000001,13:40:21,10.8700,10,1
2026-02-27,000001,13:40:24,10.8700,3,1
2026-02-27,000001,13:40:27,10.8700,60,1
2026-02-27,000001,13:40:30,10.8700,30,1
2026-02-27,000001,13:40:33,10.8700,28,1
2026-02-27,000001,13:40:39,10.8700,10,1
2026-02-27,000001,13:40:42,10.8700,10,1
2026-02-27,000001,13:40:45,10.8700,63,1
2026-02-27,000001,13:40:48,10.8700,50,1
2026-02-27,000001,13:40:51,10.8600,38,2
2026-02-27,000001,13:40:54,10.8700,64,1
2026-02-27,000001,13:40:57,10.8700,10,1
2026-02-27,000001,13:41:00,10.8700,12,1
2026-02-27,000001,13:41:03,10.8600,153,2
2026-02-27,000001,13:41:06,10.8600,24,2
2026-02-27,000001,13:41:12,10.8700,5,1
2026-02-27,000001,13:41:15,10.8600,11,2
2026-02-27,000001,13:41:18,10.8600,259,2
2026-02-27,000001,13:41:21,10.8700,1,1
2026-02-27,000001,13:41:24,10.8700,427,1
2026-02-27,000001,13:41:27,10.8600,60,2
2026-02-27,000001,13:41:30,10.8600,100,2
2026-02-27,000001,13:41:36,10.8600,147,2
2026-02-27,000001,13:41:42,10.8700,38,1
2026-02-27,000001,13:41:45,10.8700,92,1
2026-02-27,000001,13:41:48,10.8700,1,1
2026-02-27,000001,13:41:51,10.8700,3,1
2026-02-27,000001,13:41:54,10.8600,9,2
2026-02-27,000001,13:41:57,10.8700,90,1
2026-02-27,000001,13:42:00,10.8600,22,2
2026-02-27,000001,13:42:03,10.8600,52,2
2026-02-27,000001,13:42:06,10.8700,11,1
2026-02-27,000001,13:42:12,10.8700,10,1
2026-02-27,000001,13:42:15,10.8600,2,2
2026-02-27,000001,13:42:18,10.8700,97,1
2026-02-27,000001,13:42:21,10.8600,6,2
2026-02-27,000001,13:42:24,10.8600,52,2
2026-02-27,000001,13:42:27,10.8700,529,1
2026-02-27,000001,13:42:30,10.8700,1292,1
2026-02-27,000001,13:42:33,10.8700,199,2
2026-02-27,000001,13:42:36,10.8700,6,2
2026-02-27,000001,13:42:39,10.8800,11,1
2026-02-27,000001,13:42:42,10.8700,2,2
2026-02-27,000001,13:42:45,10.8700,1069,2
2026-02-27,000001,13:42:48,10.8700,149,1
2026-02-27,000001,13:42:51,10.8700,390,1
2026-02-27,000001,13:42:54,10.8800,33,1
2026-02-27,000001,13:42:57,10.8700,7,2
2026-02-27,000001,13:43:03,10.8700,24,2
2026-02-27,000001,13:43:06,10.8700,47,2
2026-02-27,000001,13:43:09,10.8700,18,2
2026-02-27,000001,13:43:12,10.8700,15,2
2026-02-27,000001,13:43:24,10.8700,2,2
2026-02-27,000001,13:43:27,10.8700,54,2
2026-02-27,000001,13:43:30,10.8700,337,2
2026-02-27,000001,13:43:33,10.8700,74,2
2026-02-27,000001,13:43:39,10.8700,114,2
2026-02-27,000001,13:43:42,10.8800,49,1
2026-02-27,000001,13:43:45,10.8700,1,2
2026-02-27,000001,13:43:48,10.8700,10,2
2026-02-27,000001,13:43:51,10.8700,28,2
2026-02-27,000001,13:43:54,10.8700,3,2
2026-02-27,000001,13:43:57,10.8700,1,2
2026-02-27,000001,13:44:00,10.8700,1,2
2026-02-27,000001,13:44:03,10.8700,21,2
2026-02-27,000001,13:44:06,10.8800,23,1
2026-02-27,000001,13:44:09,10.8800,60,1
2026-02-27,000001,13:44:12,10.8700,832,2
2026-02-27,000001,13:44:21,10.8800,13,1
2026-02-27,000001,13:44:24,10.8700,3,2
2026-02-27,000001,13:44:27,10.8700,4,2
2026-02-27,000001,13:44:36,10.8700,18,2
2026-02-27,000001,13:44:39,10.8700,1,2
2026-02-27,000001,13:44:42,10.8700,499,2
2026-02-27,000001,13:44:45,10.8700,485,2
2026-02-27,000001,13:44:48,10.8800,50,1
2026-02-27,000001,13:44:51,10.8700,39,2
2026-02-27,000001,13:44:54,10.8700,5,2
2026-02-27,000001,13:44:57,10.8700,1752,2
2026-02-27,000001,13:45:00,10.8700,905,1
2026-02-27,000001,13:45:03,10.8600,31,2
2026-02-27,000001,13:45:06,10.8700,20,1
2026-02-27,000001,13:45:09,10.8700,57,1
2026-02-27,000001,13:45:12,10.8700,21,1
2026-02-27,000001,13:45:15,10.8600,134,2
2026-02-27,000001,13:45:18,10.8700,72,1
2026-02-27,000001,13:45:21,10.8600,3,2
2026-02-27,000001,13:45:24,10.8600,4,2
2026-02-27,000001,13:45:27,10.8700,69,1
2026-02-27,000001,13:45:33,10.8700,9,1
2026-02-27,000001,13:45:36,10.8600,3,2
2026-02-27,000001,13:45:39,10.8600,300,2
2026-02-27,000001,13:45:45,10.8700,13,1
2026-02-27,000001,13:45:48,10.8700,49,1
2026-02-27,000001,13:45:51,10.8600,57,2
2026-02-27,000001,13:45:54,10.8700,63,1
2026-02-27,000001,13:45:57,10.8600,12,2
2026-02-27,000001,13:46:03,10.8600,14,2
2026-02-27,000001,13:46:06,10.8600,17,2
2026-02-27,000001,13:46:09,10.8600,155,2
2026-02-27,000001,13:46:12,10.8700,6,1
2026-02-27,000001,13:46:18,10.8700,47,1
2026-02-27,000001,13:46:21,10.8700,15,1
2026-02-27,000001,13:46:24,10.8600,24,2
2026-02-27,000001,13:46:27,10.8600,2,2
2026-02-27,000001,13:46:30,10.8600,22,2
2026-02-27,000001,13:46:33,10.8700,10,1
2026-02-27,000001,13:46:39,10.8700,10,1
2026-02-27,000001,13:46:42,10.8600,62,2
2026-02-27,000001,13:46:48,10.8600,11,2
2026-02-27,000001,13:46:51,10.8600,16,2
2026-02-27,000001,13:46:54,10.8700,165,1
2026-02-27,000001,13:46:57,10.8600,312,2
2026-02-27,000001,13:47:00,10.8700,22,1
2026-02-27,000001,13:47:03,10.8600,1,2
2026-02-27,000001,13:47:06,10.8700,50,1
2026-02-27,000001,13:47:09,10.8700,5,1
2026-02-27,000001,13:47:15,10.8600,20,2
2026-02-27,000001,13:47:21,10.8600,36,2
2026-02-27,000001,13:47:24,10.8600,305,2
2026-02-27,000001,13:47:27,10.8700,30,1
2026-02-27,000001,13:47:30,10.8600,67,2
2026-02-27,000001,13:47:33,10.8700,17,1
2026-02-27,000001,13:47:36,10.8600,116,2
2026-02-27,000001,13:47:39,10.8600,19,2
2026-02-27,000001,13:47:42,10.8700,24,1
2026-02-27,000001,13:47:51,10.8600,5,2
2026-02-27,000001,13:47:54,10.8700,5,1
2026-02-27,000001,13:47:57,10.8700,15,1
2026-02-27,000001,13:48:00,10.8700,1,1
2026-02-27,000001,13:48:03,10.8700,7,1
2026-02-27,000001,13:48:09,10.8700,14,1
2026-02-27,000001,13:48:12,10.8700,30,1
2026-02-27,000001,13:48:15,10.8600,25,2
2026-02-27,000001,13:48:18,10.8600,17,2
2026-02-27,000001,13:48:21,10.8700,149,1
2026-02-27,000001,13:48:24,10.8600,3,2
2026-02-27,000001,13:48:27,10.8700,30,1
2026-02-27,000001,13:48:30,10.8700,42,1
2026-02-27,000001,13:48:33,10.8600,20,2
2026-02-27,000001,13:48:36,10.8700,10,1
2026-02-27,000001,13:48:39,10.8700,6,1
2026-02-27,000001,13:48:42,10.8600,4,2
2026-02-27,000001,13:48:45,10.8600,13,2
2026-02-27,000001,13:48:48,10.8600,11,2
2026-02-27,000001,13:48:51,10.8600,39,2
2026-02-27,000001,13:48:54,10.8700,4,1
2026-02-27,000001,13:48:57,10.8700,62,1
2026-02-27,000001,13:49:00,10.8700,4,1
2026-02-27,000001,13:49:03,10.8700,68,1
2026-02-27,000001,13:49:06,10.8700,16,1
2026-02-27,000001,13:49:09,10.8700,1,1
2026-02-27,000001,13:49:15,10.8700,56,1
2026-02-27,000001,13:49:18,10.8600,105,2
2026-02-27,000001,13:49:24,10.8600,10,2
2026-02-27,000001,13:49:30,10.8600,49,2
2026-02-27,000001,13:49:33,10.8600,14,2
2026-02-27,000001,13:49:36,10.8600,43,2
2026-02-27,000001,13:49:39,10.8600,61,2
2026-02-27,000001,13:49:42,10.8700,32,1
2026-02-27,000001,13:49:45,10.8600,3,2
2026-02-27,000001,13:49:48,10.8600,11,2
2026-02-27,000001,13:49:51,10.8700,108,1
2026-02-27,000001,13:49:54,10.8600,21,2
2026-02-27,000001,13:49:57,10.8600,34,2
2026-02-27,000001,13:50:00,10.8700,104,1
2026-02-27,000001,13:50:03,10.8600,12,2
2026-02-27,000001,13:50:06,10.8700,8,1
2026-02-27,000001,13:50:09,10.8700,56,1
2026-02-27,000001,13:50:12,10.8700,72,1
2026-02-27,000001,13:50:15,10.8600,15,2
2026-02-27,000001,13:50:18,10.8700,48,1
2026-02-27,000001,13:50:21,10.8700,17,1
2026-02-27,000001,13:50:24,10.8600,29,2
2026-02-27,000001,13:50:27,10.8700,38,1
2026-02-27,000001,13:50:30,10.8700,14,1
2026-02-27,000001,13:50:33,10.8600,291,2
2026-02-27,000001,13:50:36,10.8700,63,1
2026-02-27,000001,13:50:39,10.8700,17,1
2026-02-27,000001,13:50:42,10.8600,25,2
2026-02-27,000001,13:50:45,10.8700,3,1
2026-02-27,000001,13:50:48,10.8700,206,1
2026-02-27,000001,13:50:51,10.8600,96,2
2026-02-27,000001,13:50:54,10.8600,6,2
2026-02-27,000001,13:51:03,10.8600,18,2
2026-02-27,000001,13:51:09,10.8600,101,2
2026-02-27,000001,13:51:12,10.8700,148,1
2026-02-27,000001,13:51:21,10.8700,137,1
2026-02-27,000001,13:51:24,10.8700,20,1
2026-02-27,000001,13:51:30,10.8600,13,2
2026-02-27,000001,13:51:33,10.8600,39,2
2026-02-27,000001,13:51:36,10.8700,153,1
2026-02-27,000001,13:51:39,10.8700,118,1
2026-02-27,000001,13:51:42,10.8700,100,1
2026-02-27,000001,13:51:48,10.8700,6,1
2026-02-27,000001,13:51:51,10.8600,9,2
2026-02-27,000001,13:51:54,10.8600,145,2
2026-02-27,000001,13:51:57,10.8700,84,1
2026-02-27,000001,13:52:00,10.8600,155,2
2026-02-27,000001,13:52:03,10.8600,27,2
2026-02-27,000001,13:52:06,10.8700,5,1
2026-02-27,000001,13:52:09,10.8700,65,1
2026-02-27,000001,13:52:12,10.8700,20,1
2026-02-27,000001,13:52:15,10.8700,3,1
2026-02-27,000001,13:52:18,10.8700,51,1
2026-02-27,000001,13:52:21,10.8600,28,2
2026-02-27,000001,13:52:24,10.8700,26,1
2026-02-27,000001,13:52:27,10.8700,94,1
2026-02-27,000001,13:52:33,10.8700,40,1
2026-02-27,000001,13:52:39,10.8700,4,1
2026-02-27,000001,13:52:45,10.8700,207,1
2026-02-27,000001,13:52:48,10.8700,45,1
2026-02-27,000001,13:52:51,10.8700,42,1
2026-02-27,000001,13:52:54,10.8700,57,1
2026-02-27,000001,13:52:57,10.8700,853,1
2026-02-27,000001,13:53:00,10.8700,367,2
2026-02-27,000001,13:53:03,10.8700,67,2
2026-02-27,000001,13:53:06,10.8800,55,1
2026-02-27,000001,13:53:12,10.8800,20,1
2026-02-27,000001,13:53:18,10.8800,3,1
2026-02-27,000001,13:53:27,10.8700,283,2
2026-02-27,000001,13:53:30,10.8700,72,2
2026-02-27,000001,13:53:42,10.8700,43,2
2026-02-27,000001,13:53:54,10.8700,13,2
2026-02-27,000001,13:53:57,10.8700,12,2
2026-02-27,000001,13:54:00,10.8800,30,1
2026-02-27,000001,13:54:03,10.8800,921,1
2026-02-27,000001,13:54:06,10.8700,5,2
2026-02-27,000001,13:54:15,10.8800,49,1
2026-02-27,000001,13:54:18,10.8700,216,2
2026-02-27,000001,13:54:24,10.8700,3,2
2026-02-27,000001,13:54:30,10.8800,13,1
2026-02-27,000001,13:54:33,10.8700,29,2
2026-02-27,000001,13:54:36,10.8700,476,2
2026-02-27,000001,13:54:39,10.8700,16,2
2026-02-27,000001,13:54:42,10.8700,67,2
2026-02-27,000001,13:54:45,10.8800,4,1
2026-02-27,000001,13:54:48,10.8700,6,2
2026-02-27,000001,13:54:51,10.8700,8,2
2026-02-27,000001,13:54:54,10.8700,305,2
2026-02-27,000001,13:54:57,10.8700,2,2
2026-02-27,000001,13:55:00,10.8800,1,1
2026-02-27,000001,13:55:03,10.8700,551,2
2026-02-27,000001,13:55:06,10.8700,97,1
2026-02-27,000001,13:55:09,10.8700,18,1
2026-02-27,000001,13:55:12,10.8700,69,1
2026-02-27,000001,13:55:18,10.8700,24,1
2026-02-27,000001,13:55:21,10.8700,1,1
2026-02-27,000001,13:55:24,10.8700,51,1
2026-02-27,000001,13:55:27,10.8600,2,2
2026-02-27,000001,13:55:30,10.8600,26,2
2026-02-27,000001,13:55:33,10.8600,1,2
2026-02-27,000001,13:55:36,10.8700,14,1
2026-02-27,000001,13:55:39,10.8700,30,1
2026-02-27,000001,13:55:42,10.8700,79,1
2026-02-27,000001,13:55:45,10.8700,45,1
2026-02-27,000001,13:55:48,10.8700,10,1
2026-02-27,000001,13:55:51,10.8700,8,1
2026-02-27,000001,13:55:54,10.8700,37,1
2026-02-27,000001,13:55:57,10.8700,22,1
2026-02-27,000001,13:56:00,10.8700,5,1
2026-02-27,000001,13:56:03,10.8700,5,1
2026-02-27,000001,13:56:06,10.8700,3,1
2026-02-27,000001,13:56:09,10.8700,6,1
2026-02-27,000001,13:56:12,10.8600,11,2
2026-02-27,000001,13:56:15,10.8700,44,1
2026-02-27,000001,13:56:21,10.8700,10,1
2026-02-27,000001,13:56:24,10.8600,130,2
2026-02-27,000001,13:56:30,10.8700,8,1
2026-02-27,000001,13:56:33,10.8600,31,2
2026-02-27,000001,13:56:36,10.8700,1,1
2026-02-27,000001,13:56:39,10.8700,366,1
2026-02-27,000001,13:56:42,10.8700,26,2
2026-02-27,000001,13:56:51,10.8700,50,2
2026-02-27,000001,13:56:54,10.8700,7,2
2026-02-27,000001,13:56:57,10.8700,34,2
2026-02-27,000001,13:57:03,10.8800,10,1
2026-02-27,000001,13:57:06,10.8700,3,2
2026-02-27,000001,13:57:09,10.8700,13,2
2026-02-27,000001,13:57:24,10.8700,3,2
2026-02-27,000001,13:57:27,10.8700,1065,2
2026-02-27,000001,13:57:30,10.8700,20,1
2026-02-27,000001,13:57:33,10.8700,12,1
2026-02-27,000001,13:57:36,10.8700,206,1
2026-02-27,000001,13:57:39,10.8700,1,1
2026-02-27,000001,13:57:42,10.8700,5,1
2026-02-27,000001,13:57:45,10.8600,12,2
2026-02-27,000001,13:57:48,10.8700,37,1
2026-02-27,000001,13:57:51,10.8600,1,2
2026-02-27,000001,13:57:54,10.8700,82,1
2026-02-27,000001,13:57:57,10.8700,11,1
2026-02-27,000001,13:58:00,10.8600,12,2
2026-02-27,000001,13:58:03,10.8600,8,2
2026-02-27,000001,13:58:09,10.8700,189,1
2026-02-27,000001,13:58:12,10.8600,6,2
2026-02-27,000001,13:58:15,10.8600,29,2
2026-02-27,000001,13:58:21,10.8700,20,1
2026-02-27,000001,13:58:24,10.8600,38,2
2026-02-27,000001,13:58:27,10.8700,85,1
2026-02-27,000001,13:58:30,10.8700,13,1
2026-02-27,000001,13:58:39,10.8700,17,1
2026-02-27,000001,13:58:42,10.8700,10,1
2026-02-27,000001,13:58:45,10.8700,170,1
2026-02-27,000001,13:58:48,10.8700,20,1
2026-02-27,000001,13:58:51,10.8700,17,1
2026-02-27,000001,13:58:54,10.8700,26,1
2026-02-27,000001,13:58:57,10.8700,157,1
2026-02-27,000001,13:59:00,10.8700,1,1
2026-02-27,000001,13:59:03,10.8600,2,2
2026-02-27,000001,13:59:06,10.8700,21,1
2026-02-27,000001,13:59:09,10.8700,75,1
2026-02-27,000001,13:59:12,10.8600,4,2
2026-02-27,000001,13:59:15,10.8700,1,1
2026-02-27,000001,13:59:18,10.8600,43,2
2026-02-27,000001,13:59:21,10.8600,35,2
2026-02-27,000001,13:59:24,10.8600,9,2
2026-02-27,000001,13:59:33,10.8700,23,1
2026-02-27,000001,13:59:36,10.8600,52,2
2026-02-27,000001,13:59:39,10.8600,2,2
2026-02-27,000001,13:59:42,10.8700,16,1
2026-02-27,000001,13:59:45,10.8700,2,1
2026-02-27,000001,13:59:48,10.8700,5,1
2026-02-27,000001,13:59:51,10.8700,298,1
2026-02-27,000001,13:59:54,10.8600,4,2
2026-02-27,000001,13:59:57,10.8600,12,2
2026-02-27,000001,14:00:00,10.8700,24,1
2026-02-27,000001,14:00:03,10.8600,13,2
2026-02-27,000001,14:00:06,10.8700,10,1
2026-02-27,000001,14:00:09,10.8700,20,1
2026-02-27,000001,14:00:12,10.8600,58,2
2026-02-27,000001,14:00:15,10.8600,17,2
2026-02-27,000001,14:00:18,10.8700,237,1
2026-02-27,000001,14:00:21,10.8700,10,1
2026-02-27,000001,14:00:24,10.8600,106,2
2026-02-27,000001,14:00:27,10.8600,1,2
2026-02-27,000001,14:00:30,10.8700,68,1
2026-02-27,000001,14:00:33,10.8600,15,2
2026-02-27,000001,14:00:39,10.8700,124,1
2026-02-27,000001,14:00:42,10.8700,26,1
2026-02-27,000001,14:00:45,10.8700,8,1
2026-02-27,000001,14:00:48,10.8700,5,1
2026-02-27,000001,14:00:51,10.8600,36,2
2026-02-27,000001,14:00:54,10.8700,17,1
2026-02-27,000001,14:00:57,10.8600,166,2
2026-02-27,000001,14:01:00,10.8700,13,1
2026-02-27,000001,14:01:03,10.8600,13,2
2026-02-27,000001,14:01:09,10.8600,22,2
2026-02-27,000001,14:01:12,10.8600,5,2
2026-02-27,000001,14:01:15,10.8600,24,2
2026-02-27,000001,14:01:18,10.8600,28,2
2026-02-27,000001,14:01:21,10.8700,1,1
2026-02-27,000001,14:01:24,10.8600,6,2
2026-02-27,000001,14:01:27,10.8700,32,1
2026-02-27,000001,14:01:30,10.8700,102,1
2026-02-27,000001,14:01:33,10.8700,10,1
2026-02-27,000001,14:01:36,10.8600,6,2
2026-02-27,000001,14:01:39,10.8700,533,1
2026-02-27,000001,14:01:42,10.8600,126,2
2026-02-27,000001,14:01:45,10.8700,2,1
2026-02-27,000001,14:01:48,10.8700,1,1
2026-02-27,000001,14:01:51,10.8700,16,1
2026-02-27,000001,14:01:54,10.8600,20,2
2026-02-27,000001,14:01:57,10.8600,9,2
2026-02-27,000001,14:02:00,10.8700,6,1
2026-02-27,000001,14:02:03,10.8700,72,1
2026-02-27,000001,14:02:06,10.8700,5,1
2026-02-27,000001,14:02:09,10.8700,54,1
2026-02-27,000001,14:02:12,10.8700,40,1
2026-02-27,000001,14:02:15,10.8600,62,2
2026-02-27,000001,14:02:18,10.8700,10,1
2026-02-27,000001,14:02:21,10.8600,17,2
2026-02-27,000001,14:02:24,10.8600,18,2
2026-02-27,000001,14:02:27,10.8700,2,1
2026-02-27,000001,10:24:54,10.8700,52,1
2026-02-27,000001,10:24:57,10.8600,305,2
2026-02-27,000001,10:25:00,10.8600,82,2
2026-02-27,000001,10:25:03,10.8700,65,1
2026-02-27,000001,10:25:06,10.8600,6,2
2026-02-27,000001,10:25:12,10.8700,10,1
2026-02-27,000001,10:25:15,10.8600,40,2
2026-02-27,000001,10:25:18,10.8600,12,2
2026-02-27,000001,10:25:21,10.8600,20,2
2026-02-27,000001,10:25:27,10.8700,34,1
2026-02-27,000001,10:25:30,10.8600,13,2
2026-02-27,000001,10:25:33,10.8600,6,2
2026-02-27,000001,10:25:36,10.8600,61,2
2026-02-27,000001,10:25:39,10.8600,1,2
2026-02-27,000001,10:25:42,10.8700,7,1
2026-02-27,000001,10:25:45,10.8600,10,2
2026-02-27,000001,10:25:48,10.8600,23,2
2026-02-27,000001,10:25:51,10.8700,49,1
2026-02-27,000001,10:25:54,10.8700,70,1
2026-02-27,000001,10:26:00,10.8700,100,1
2026-02-27,000001,10:26:03,10.8600,10,2
2026-02-27,000001,10:26:15,10.8700,1,1
2026-02-27,000001,10:26:18,10.8600,65,2
2026-02-27,000001,10:26:21,10.8600,105,2
2026-02-27,000001,10:26:24,10.8700,1,1
2026-02-27,000001,10:26:27,10.8600,28,2
2026-02-27,000001,10:26:30,10.8600,15,2
2026-02-27,000001,10:26:33,10.8600,202,2
2026-02-27,000001,10:26:36,10.8600,146,2
2026-02-27,000001,10:26:42,10.8600,52,2
2026-02-27,000001,10:26:48,10.8700,30,1
2026-02-27,000001,10:26:51,10.8600,1,2
2026-02-27,000001,10:26:54,10.8700,10,1
2026-02-27,000001,10:26:57,10.8700,1,1
2026-02-27,000001,10:27:06,10.8600,320,2
2026-02-27,000001,10:27:09,10.8700,21,1
2026-02-27,000001,10:27:12,10.8600,6,2
2026-02-27,000001,10:27:15,10.8700,43,1
2026-02-27,000001,10:27:18,10.8600,7,2
2026-02-27,000001,10:27:21,10.8700,46,1
2026-02-27,000001,10:27:24,10.8700,2,1
2026-02-27,000001,10:27:27,10.8600,1,2
2026-02-27,000001,10:27:30,10.8700,1,1
2026-02-27,000001,10:27:33,10.8600,1,2
2026-02-27,000001,10:27:36,10.8600,564,2
2026-02-27,000001,10:27:39,10.8700,3,1
2026-02-27,000001,10:27:48,10.8600,5,2
2026-02-27,000001,10:27:51,10.8700,136,1
2026-02-27,000001,10:27:54,10.8700,51,1
2026-02-27,000001,10:27:57,10.8700,4,1
2026-02-27,000001,10:28:00,10.8600,12,2
2026-02-27,000001,10:28:03,10.8700,14,1
2026-02-27,000001,10:28:06,10.8700,70,1
2026-02-27,000001,10:28:09,10.8700,17,1
2026-02-27,000001,10:28:12,10.8700,95,1
2026-02-27,000001,10:28:15,10.8700,2,1
2026-02-27,000001,10:28:18,10.8700,28,1
2026-02-27,000001,10:28:21,10.8700,2,1
2026-02-27,000001,10:28:24,10.8600,35,2
2026-02-27,000001,10:28:30,10.8700,20,1
2026-02-27,000001,10:28:33,10.8600,128,2
2026-02-27,000001,10:28:36,10.8600,22,2
2026-02-27,000001,10:28:42,10.8600,16,2
2026-02-27,000001,10:28:45,10.8700,10,1
2026-02-27,000001,10:28:48,10.8700,31,1
2026-02-27,000001,10:28:54,10.8600,84,2
2026-02-27,000001,10:28:57,10.8600,25,2
2026-02-27,000001,10:29:00,10.8700,38,1
2026-02-27,000001,10:29:06,10.8700,105,1
2026-02-27,000001,10:29:09,10.8600,19,2
2026-02-27,000001,10:29:12,10.8700,423,1
2026-02-27,000001,10:29:15,10.8700,429,1
2026-02-27,000001,10:29:18,10.8600,45,2
2026-02-27,000001,10:29:21,10.8600,23,2
2026-02-27,000001,10:29:27,10.8700,65,1
2026-02-27,000001,10:29:30,10.8600,30,2
2026-02-27,000001,10:29:33,10.8600,80,2
2026-02-27,000001,10:29:36,10.8700,29,1
2026-02-27,000001,10:29:39,10.8600,19,2
2026-02-27,000001,10:29:42,10.8600,41,2
2026-02-27,000001,10:29:48,10.8600,55,2
2026-02-27,000001,10:29:51,10.8600,2,2
2026-02-27,000001,10:29:54,10.8700,3,1
2026-02-27,000001,10:30:00,10.8600,208,2
2026-02-27,000001,10:30:03,10.8700,2,1
2026-02-27,000001,10:30:06,10.8700,79,1
2026-02-27,000001,10:30:09,10.8600,12,2
2026-02-27,000001,10:30:12,10.8700,14,1
2026-02-27,000001,10:30:15,10.8700,1,1
2026-02-27,000001,10:30:18,10.8700,35,1
2026-02-27,000001,10:30:21,10.8700,27,1
2026-02-27,000001,10:30:30,10.8700,13,1
2026-02-27,000001,10:30:33,10.8700,10,1
2026-02-27,000001,10:30:36,10.8700,2,1
2026-02-27,000001,10:30:39,10.8600,12,2
2026-02-27,000001,10:30:45,10.8600,3,2
2026-02-27,000001,10:30:48,10.8600,31,2
2026-02-27,000001,10:30:51,10.8700,19,1
2026-02-27,000001,10:30:54,10.8600,5,2
2026-02-27,000001,10:30:57,10.8700,2,1
2026-02-27,000001,10:31:03,10.8600,140,2
2026-02-27,000001,10:31:06,10.8700,36,1
2026-02-27,000001,10:31:09,10.8700,1,1
2026-02-27,000001,10:31:12,10.8600,12,2
2026-02-27,000001,10:31:15,10.8700,13,1
2026-02-27,000001,10:31:18,10.8600,1,2
2026-02-27,000001,10:31:30,10.8600,200,2
2026-02-27,000001,10:31:33,10.8600,5,2
2026-02-27,000001,10:31:36,10.8600,25,2
2026-02-27,000001,10:31:39,10.8600,24,2
2026-02-27,000001,10:31:42,10.8600,1252,2
2026-02-27,000001,10:31:48,10.8600,36,2
2026-02-27,000001,10:31:51,10.8700,500,1
2026-02-27,000001,10:31:54,10.8600,106,2
2026-02-27,000001,10:31:57,10.8700,12,1
2026-02-27,000001,10:32:00,10.8700,1,1
2026-02-27,000001,10:32:06,10.8700,547,1
2026-02-27,000001,10:32:09,10.8600,51,2
2026-02-27,000001,10:32:12,10.8600,18,2
2026-02-27,000001,10:32:15,10.8600,10,2
2026-02-27,000001,10:32:18,10.8700,137,1
2026-02-27,000001,10:32:21,10.8700,198,1
2026-02-27,000001,10:32:24,10.8700,25,1
2026-02-27,000001,10:32:27,10.8700,45,1
2026-02-27,000001,10:32:30,10.8600,113,2
2026-02-27,000001,10:32:33,10.8700,27,1
2026-02-27,000001,10:32:36,10.8700,1,1
2026-02-27,000001,10:32:48,10.8600,24,2
2026-02-27,000001,10:32:51,10.8700,10,1
2026-02-27,000001,10:32:54,10.8700,31,1
2026-02-27,000001,10:32:57,10.8700,47,1
2026-02-27,000001,10:33:03,10.8700,15,1
2026-02-27,000001,10:33:06,10.8700,17,1
2026-02-27,000001,10:33:09,10.8700,26,1
2026-02-27,000001,10:33:12,10.8700,17,1
2026-02-27,000001,10:33:15,10.8600,3,2
2026-02-27,000001,10:33:24,10.8600,11,2
2026-02-27,000001,10:33:27,10.8600,15,2
2026-02-27,000001,10:33:30,10.8600,10,2
2026-02-27,000001,10:33:33,10.8700,20,1
2026-02-27,000001,10:33:39,10.8700,17,1
2026-02-27,000001,10:33:42,10.8700,1,1
2026-02-27,000001,10:33:45,10.8700,53,1
2026-02-27,000001,10:33:48,10.8700,24,1
2026-02-27,000001,10:33:51,10.8600,5,2
2026-02-27,000001,10:33:57,10.8700,20,1
2026-02-27,000001,10:34:03,10.8600,28,2
2026-02-27,000001,10:34:09,10.8600,1,2
2026-02-27,000001,10:34:12,10.8700,14,1
2026-02-27,000001,10:34:15,10.8700,40,1
2026-02-27,000001,10:34:18,10.8600,3,2
2026-02-27,000001,10:34:24,10.8700,61,1
2026-02-27,000001,10:34:27,10.8600,1,2
2026-02-27,000001,10:34:30,10.8600,1,2
2026-02-27,000001,10:34:36,10.8600,1,2
2026-02-27,000001,10:34:42,10.8600,1,2
2026-02-27,000001,10:34:45,10.8700,1,1
2026-02-27,000001,10:34:48,10.8700,51,1
2026-02-27,000001,10:34:54,10.8600,5,2
2026-02-27,000001,10:34:57,10.8700,9,1
2026-02-27,000001,10:35:00,10.8700,33,1
2026-02-27,000001,10:35:03,10.8700,9,1
2026-02-27,000001,10:35:06,10.8600,1,2
2026-02-27,000001,10:35:09,10.8600,19,2
2026-02-27,000001,10:35:18,10.8700,19,1
2026-02-27,000001,10:35:21,10.8600,23,2
2026-02-27,000001,10:35:24,10.8700,17,1
2026-02-27,000001,10:35:27,10.8700,1001,1
2026-02-27,000001,10:35:30,10.8600,56,2
2026-02-27,000001,10:35:33,10.8600,15,2
2026-02-27,000001,10:35:39,10.8700,12,1
2026-02-27,000001,10:35:42,10.8600,5,2
2026-02-27,000001,10:35:45,10.8700,32,1
2026-02-27,000001,10:35:48,10.8700,1,1
2026-02-27,000001,10:35:51,10.8600,14,2
2026-02-27,000001,10:36:00,10.8700,1,1
2026-02-27,000001,10:36:03,10.8700,4,1
2026-02-27,000001,10:36:09,10.8700,10,1
2026-02-27,000001,10:36:12,10.8600,14,2
2026-02-27,000001,10:36:15,10.8700,22,1
2026-02-27,000001,10:36:18,10.8700,16,1
2026-02-27,000001,10:36:21,10.8700,1,1
2026-02-27,000001,10:36:24,10.8700,4,1
2026-02-27,000001,10:36:27,10.8700,44,1
2026-02-27,000001,10:36:36,10.8700,15,1
2026-02-27,000001,10:36:39,10.8700,5,1
2026-02-27,000001,10:36:45,10.8700,124,1
2026-02-27,000001,10:36:48,10.8600,23,2
2026-02-27,000001,10:36:51,10.8700,37,1
2026-02-27,000001,10:36:54,10.8600,35,2
2026-02-27,000001,10:36:57,10.8600,12,2
2026-02-27,000001,10:37:00,10.8700,16,1
2026-02-27,000001,10:37:03,10.8700,235,1
2026-02-27,000001,10:37:06,10.8600,13,2
2026-02-27,000001,10:37:09,10.8700,11,1
2026-02-27,000001,10:37:12,10.8700,14,1
2026-02-27,000001,10:37:15,10.8700,123,1
2026-02-27,000001,10:37:18,10.8700,5,1
2026-02-27,000001,10:37:24,10.8600,2,2
2026-02-27,000001,10:37:27,10.8700,29,1
2026-02-27,000001,10:37:30,10.8700,30,1
2026-02-27,000001,10:37:33,10.8700,30,1
2026-02-27,000001,10:37:36,10.8700,43,1
2026-02-27,000001,10:37:39,10.8600,210,2
2026-02-27,000001,10:37:45,10.8700,8,1
2026-02-27,000001,10:37:48,10.8600,34,2
2026-02-27,000001,10:37:51,10.8700,30,1
2026-02-27,000001,10:37:54,10.8700,249,1
2026-02-27,000001,10:37:57,10.8600,35,2
2026-02-27,000001,10:38:00,10.8700,7,1
2026-02-27,000001,10:38:03,10.8700,12,1
2026-02-27,000001,10:38:09,10.8600,41,2
2026-02-27,000001,10:38:12,10.8600,131,2
2026-02-27,000001,10:38:15,10.8700,133,1
2026-02-27,000001,10:38:18,10.8700,16,1
2026-02-27,000001,10:38:21,10.8600,11,2
2026-02-27,000001,10:38:24,10.8700,6,1
2026-02-27,000001,10:38:27,10.8700,9,1
2026-02-27,000001,10:38:30,10.8700,32,1
2026-02-27,000001,10:38:33,10.8700,96,1
2026-02-27,000001,10:38:36,10.8700,13,1
2026-02-27,000001,10:38:39,10.8700,30,1
2026-02-27,000001,10:38:42,10.8700,24,1
2026-02-27,000001,10:38:45,10.8700,6,1
2026-02-27,000001,10:38:48,10.8700,59,1
2026-02-27,000001,10:38:51,10.8700,16,1
2026-02-27,000001,10:38:54,10.8700,17,1
2026-02-27,000001,10:38:57,10.8700,5,1
2026-02-27,000001,10:39:00,10.8700,34,1
2026-02-27,000001,10:39:03,10.8700,751,1
2026-02-27,000001,10:39:06,10.8700,29,1
2026-02-27,000001,10:39:09,10.8700,9,1
2026-02-27,000001,10:39:12,10.8600,20,2
2026-02-27,000001,10:39:15,10.8700,34,1
2026-02-27,000001,10:39:18,10.8700,27,1
2026-02-27,000001,10:39:21,10.8600,28,2
2026-02-27,000001,10:39:24,10.8600,455,2
2026-02-27,000001,10:39:27,10.8600,59,2
2026-02-27,000001,10:39:30,10.8700,233,1
2026-02-27,000001,10:39:33,10.8700,294,2
2026-02-27,000001,10:39:36,10.8700,63,2
2026-02-27,000001,10:39:39,10.8700,49,2
2026-02-27,000001,10:39:42,10.8700,47,2
2026-02-27,000001,10:39:45,10.8700,72,2
2026-02-27,000001,10:39:48,10.8600,68,2
2026-02-27,000001,10:39:51,10.8700,67,1
2026-02-27,000001,10:39:54,10.8700,32,1
2026-02-27,000001,10:39:57,10.8700,20,1
2026-02-27,000001,10:40:00,10.8700,290,1
2026-02-27,000001,10:40:03,10.8600,1,2
2026-02-27,000001,10:40:06,10.8700,12,1
2026-02-27,000001,10:40:15,10.8600,38,2
2026-02-27,000001,10:40:18,10.8700,6,1
2026-02-27,000001,10:40:21,10.8700,19,1
2026-02-27,000001,10:40:24,10.8600,45,2
2026-02-27,000001,10:40:27,10.8600,12,2
2026-02-27,000001,10:40:33,10.8700,10,1
2026-02-27,000001,10:40:36,10.8700,10,1
2026-02-27,000001,10:40:39,10.8700,3,1
2026-02-27,000001,10:40:42,10.8700,54,1
2026-02-27,000001,10:40:45,10.8700,51,1
2026-02-27,000001,10:40:48,10.8600,41,2
2026-02-27,000001,10:40:54,10.8700,40,1
2026-02-27,000001,10:40:57,10.8700,52,1
2026-02-27,000001,10:41:00,10.8700,35,2
2026-02-27,000001,10:41:03,10.8700,34,2
2026-02-27,000001,10:41:06,10.8700,23,2
2026-02-27,000001,10:41:09,10.8800,45,1
2026-02-27,000001,10:41:18,10.8700,20,4
2026-02-27,000001,10:41:21,10.8700,1,4
2026-02-27,000001,10:41:24,10.8700,33,4
2026-02-27,000001,10:41:27,10.8700,15,2
2026-02-27,000001,10:41:30,10.8700,19,2
2026-02-27,000001,10:41:33,10.8700,37,2
2026-02-27,000001,10:41:36,10.8800,13,1
2026-02-27,000001,10:41:42,10.8800,18,1
2026-02-27,000001,10:41:51,10.8700,699,2
2026-02-27,000001,10:41:54,10.8700,304,1
2026-02-27,000001,10:41:57,10.8600,98,2
2026-02-27,000001,10:42:00,10.8700,11,1
2026-02-27,000001,10:42:03,10.8700,7,1
2026-02-27,000001,10:42:06,10.8700,163,1
2026-02-27,000001,10:42:09,10.8700,24,1
2026-02-27,000001,10:42:18,10.8700,63,2
2026-02-27,000001,10:42:21,10.8700,691,2
2026-02-27,000001,10:42:24,10.8700,38,2
2026-02-27,000001,10:42:27,10.8700,11,2
2026-02-27,000001,10:42:30,10.8700,4,2
2026-02-27,000001,10:42:33,10.8700,30,2
2026-02-27,000001,10:42:39,10.8800,28,1
2026-02-27,000001,10:42:42,10.8800,37,1
2026-02-27,000001,10:42:48,10.8700,10,2
2026-02-27,000001,10:42:51,10.8800,45,1
2026-02-27,000001,10:42:54,10.8700,365,2
2026-02-27,000001,10:43:00,10.8800,10,1
2026-02-27,000001,10:43:12,10.8800,58,1
2026-02-27,000001,10:43:15,10.8800,18,1
2026-02-27,000001,10:43:18,10.8800,32,1
2026-02-27,000001,10:43:24,10.8800,36,1
2026-02-27,000001,10:43:27,10.8700,570,2
2026-02-27,000001,10:43:30,10.8700,1,2
2026-02-27,000001,10:43:36,10.8800,16,1
2026-02-27,000001,10:43:45,10.8800,40,1
2026-02-27,000001,10:43:48,10.8700,135,2
2026-02-27,000001,10:43:57,10.8800,25,1
2026-02-27,000001,10:44:00,10.8700,517,2
2026-02-27,000001,10:44:06,10.8800,18,1
2026-02-27,000001,10:44:09,10.8800,14,1
2026-02-27,000001,10:44:18,10.8800,8,1
2026-02-27,000001,10:44:21,10.8800,51,1
2026-02-27,000001,10:44:24,10.8800,8,1
2026-02-27,000001,10:44:27,10.8700,13,2
2026-02-27,000001,10:44:30,10.8700,403,2
2026-02-27,000001,10:44:33,10.8800,20,1
2026-02-27,000001,10:44:39,10.8800,5,1
2026-02-27,000001,10:44:45,10.8700,438,2
2026-02-27,000001,10:44:48,10.8800,54,1
2026-02-27,000001,10:44:54,10.8800,20,1
2026-02-27,000001,10:44:57,10.8700,195,2
2026-02-27,000001,10:45:00,10.8700,90,2
2026-02-27,000001,10:45:03,10.8700,24,2
2026-02-27,000001,10:45:06,10.8700,27,2
2026-02-27,000001,10:45:15,10.8700,13,2
2026-02-27,000001,10:45:18,10.8700,139,2
2026-02-27,000001,10:45:24,10.8800,144,1
2026-02-27,000001,10:45:30,10.8700,542,2
2026-02-27,000001,10:45:33,10.8700,1,2
2026-02-27,000001,10:45:39,10.8700,123,2
2026-02-27,000001,10:45:42,10.8700,15,2
2026-02-27,000001,10:45:45,10.8700,339,2
2026-02-27,000001,10:45:48,10.8800,131,1
2026-02-27,000001,10:45:51,10.8800,110,1
2026-02-27,000001,10:45:54,10.8800,4,1
2026-02-27,000001,10:46:00,10.8800,37,1
2026-02-27,000001,10:46:03,10.8800,683,1
2026-02-27,000001,10:46:09,10.8800,13,1
2026-02-27,000001,10:46:12,10.8800,66,1
2026-02-27,000001,10:46:15,10.8800,32,1
2026-02-27,000001,10:46:18,10.8800,32,1
2026-02-27,000001,10:46:21,10.8800,32,1
2026-02-27,000001,10:46:24,10.8800,10,1
2026-02-27,000001,10:46:30,10.8700,50,2
2026-02-27,000001,10:46:33,10.8700,1,2
2026-02-27,000001,10:46:36,10.8800,845,1
2026-02-27,000001,10:46:39,10.8800,24,1
2026-02-27,000001,10:46:42,10.8700,1892,2
2026-02-27,000001,10:46:48,10.8600,23,2
2026-02-27,000001,10:46:51,10.8600,13,2
2026-02-27,000001,10:46:54,10.8600,14,2
2026-02-27,000001,10:46:57,10.8700,50,1
2026-02-27,000001,10:47:00,10.8700,4,1
2026-02-27,000001,10:47:03,10.8600,42,2
2026-02-27,000001,10:47:06,10.8700,103,1
2026-02-27,000001,10:47:12,10.8600,16,2
2026-02-27,000001,10:47:15,10.8700,19,1
2026-02-27,000001,10:47:18,10.8700,17,1
2026-02-27,000001,10:47:24,10.8700,50,1
2026-02-27,000001,10:47:27,10.8700,47,1
2026-02-27,000001,10:47:30,10.8600,75,2
2026-02-27,000001,10:47:33,10.8700,10,1
2026-02-27,000001,10:47:36,10.8700,66,1
2026-02-27,000001,10:47:39,10.8700,1,1
2026-02-27,000001,10:47:42,10.8700,20,1
2026-02-27,000001,10:47:48,10.8700,31,1
2026-02-27,000001,10:47:54,10.8700,20,1
2026-02-27,000001,10:47:57,10.8700,64,1
2026-02-27,000001,10:48:00,10.8700,3,1
2026-02-27,000001,10:48:03,10.8700,215,1
2026-02-27,000001,10:48:06,10.8600,2,2
2026-02-27,000001,10:48:09,10.8600,6,2
2026-02-27,000001,10:48:12,10.8700,39,1
2026-02-27,000001,10:48:18,10.8800,948,1
2026-02-27,000001,10:48:24,10.8700,24,2
2026-02-27,000001,10:48:27,10.8700,55,2
2026-02-27,000001,10:48:33,10.8700,30,2
2026-02-27,000001,10:48:36,10.8800,2,1
2026-02-27,000001,10:48:39,10.8700,314,2
2026-02-27,000001,10:48:42,10.8800,19,1
2026-02-27,000001,10:48:45,10.8800,3,1
2026-02-27,000001,10:48:51,10.8800,10,1
2026-02-27,000001,10:48:54,10.8800,10,1
2026-02-27,000001,10:48:57,10.8800,4,1
2026-02-27,000001,10:49:09,10.8800,12,1
2026-02-27,000001,10:49:12,10.8800,427,1
2026-02-27,000001,10:49:15,10.8700,43,2
2026-02-27,000001,10:49:18,10.8700,5,2
2026-02-27,000001,10:49:21,10.8700,28,2
2026-02-27,000001,10:49:24,10.8700,3,2
2026-02-27,000001,10:49:27,10.8800,2,1
2026-02-27,000001,10:49:33,10.8700,1,2
2026-02-27,000001,10:49:36,10.8800,16,1
2026-02-27,000001,10:49:42,10.8800,404,1
2026-02-27,000001,10:49:45,10.8700,59,2
2026-02-27,000001,10:49:48,10.8700,30,2
2026-02-27,000001,10:49:51,10.8700,107,2
2026-02-27,000001,10:50:00,10.8800,1,1
2026-02-27,000001,10:50:03,10.8800,18,1
2026-02-27,000001,10:50:09,10.8700,15,2
2026-02-27,000001,10:50:12,10.8800,3,1
2026-02-27,000001,10:50:15,10.8700,601,2
2026-02-27,000001,10:50:18,10.8700,270,2
2026-02-27,000001,10:50:21,10.8700,254,2
2026-02-27,000001,10:50:24,10.8600,12,2
2026-02-27,000001,10:50:27,10.8700,1,4
2026-02-27,000001,10:50:30,10.8700,56,1
2026-02-27,000001,10:50:33,10.8700,28,1
2026-02-27,000001,10:50:36,10.8700,68,1
2026-02-27,000001,10:50:39,10.8700,5,1
2026-02-27,000001,10:50:42,10.8700,46,1
2026-02-27,000001,10:50:45,10.8700,10,1
2026-02-27,000001,10:50:48,10.8600,25,2
2026-02-27,000001,10:50:51,10.8700,2,1
2026-02-27,000001,10:50:54,10.8700,244,1
2026-02-27,000001,10:50:57,10.8600,45,2
2026-02-27,000001,10:51:03,10.8700,50,1
2026-02-27,000001,10:51:06,10.8600,2,2
2026-02-27,000001,10:51:09,10.8700,113,1
2026-02-27,000001,10:51:15,10.8700,5,2
2026-02-27,000001,10:51:18,10.8700,190,2
2026-02-27,000001,10:51:24,10.8700,30,2
2026-02-27,000001,10:51:27,10.8800,92,1
2026-02-27,000001,10:51:33,10.8800,44,1
2026-02-27,000001,10:51:39,10.8800,3,1
2026-02-27,000001,10:51:42,10.8800,19,1
2026-02-27,000001,10:51:45,10.8700,1,2
2026-02-27,000001,10:51:48,10.8700,638,2
2026-02-27,000001,10:51:51,10.8700,20,2
2026-02-27,000001,10:51:54,10.8700,20,2
2026-02-27,000001,10:51:57,10.8800,3,1
2026-02-27,000001,10:52:06,10.8700,6,2
2026-02-27,000001,10:52:09,10.8800,5,1
2026-02-27,000001,10:52:15,10.8700,49,2
2026-02-27,000001,10:52:18,10.8700,413,2
2026-02-27,000001,10:52:21,10.8700,1,2
2026-02-27,000001,10:52:27,10.8700,172,2
2026-02-27,000001,10:52:36,10.8700,56,2
2026-02-27,000001,10:52:45,10.8700,17,2
2026-02-27,000001,10:52:48,10.8700,24,2
2026-02-27,000001,10:52:51,10.8700,211,2
2026-02-27,000001,10:52:54,10.8800,12,1
2026-02-27,000001,10:53:00,10.8700,8,2
2026-02-27,000001,10:53:06,10.8800,3,1
2026-02-27,000001,10:53:12,10.8800,36,1
2026-02-27,000001,10:53:15,10.8800,2,1
2026-02-27,000001,10:53:18,10.8800,27,1
2026-02-27,000001,10:53:21,10.8700,359,2
2026-02-27,000001,10:53:24,10.8600,252,2
2026-02-27,000001,10:53:27,10.8700,27,1
2026-02-27,000001,10:53:30,10.8700,5,1
2026-02-27,000001,10:53:33,10.8700,5,1
2026-02-27,000001,10:53:39,10.8600,12,2
2026-02-27,000001,10:53:42,10.8700,10,1
2026-02-27,000001,10:53:48,10.8600,23,2
2026-02-27,000001,10:53:54,10.8700,73,1
2026-02-27,000001,10:54:00,10.8600,13,2
2026-02-27,000001,10:54:03,10.8600,5,2
2026-02-27,000001,10:54:06,10.8600,28,2
2026-02-27,000001,10:54:09,10.8600,20,2
2026-02-27,000001,10:54:12,10.8600,47,2
2026-02-27,000001,10:54:18,10.8600,61,2
2026-02-27,000001,10:54:21,10.8600,4,2
2026-02-27,000001,10:54:24,10.8600,29,2
2026-02-27,000001,10:54:27,10.8600,14,2
2026-02-27,000001,10:54:30,10.8700,3,1
2026-02-27,000001,10:54:33,10.8600,11,2
2026-02-27,000001,10:54:36,10.8700,7,1
2026-02-27,000001,10:54:39,10.8600,16,2
2026-02-27,000001,10:54:42,10.8700,1,1
2026-02-27,000001,10:54:45,10.8600,1,2
2026-02-27,000001,10:54:48,10.8600,24,2
2026-02-27,000001,10:54:54,10.8700,40,1
2026-02-27,000001,10:54:57,10.8600,12,2
2026-02-27,000001,10:55:00,10.8600,8,2
2026-02-27,000001,10:55:03,10.8600,5,2
2026-02-27,000001,10:55:09,10.8700,249,1
2026-02-27,000001,10:55:12,10.8600,4,2
2026-02-27,000001,10:55:15,10.8700,16,1
2026-02-27,000001,10:55:30,10.8600,1,2
2026-02-27,000001,10:55:33,10.8600,28,2
2026-02-27,000001,10:55:36,10.8700,15,1
2026-02-27,000001,10:55:42,10.8700,33,1
2026-02-27,000001,10:55:45,10.8600,34,2
2026-02-27,000001,10:55:48,10.8600,23,2
2026-02-27,000001,10:55:51,10.8700,2,1
2026-02-27,000001,10:55:54,10.8600,1,2
2026-02-27,000001,10:55:57,10.8700,18,1
2026-02-27,000001,10:56:00,10.8700,19,1
2026-02-27,000001,10:56:03,10.8700,276,1
2026-02-27,000001,10:56:06,10.8600,48,2
2026-02-27,000001,10:56:09,10.8600,61,2
2026-02-27,000001,10:56:15,10.8700,2,1
2026-02-27,000001,10:56:18,10.8700,99,1
2026-02-27,000001,10:56:21,10.8600,25,2
2026-02-27,000001,10:56:24,10.8600,12,2
2026-02-27,000001,10:56:27,10.8700,1,1
2026-02-27,000001,10:56:30,10.8700,9,1
