date,code,time,price,volume,bs
2026-04-17,600036,14:06:43,39.5500,113,1
2026-04-17,600036,14:06:46,39.5500,67,1
2026-04-17,600036,14:06:49,39.5500,123,1
2026-04-17,600036,14:06:52,39.5400,31,2
2026-04-17,600036,14:06:55,39.5500,54,1
2026-04-17,600036,14:06:58,39.5500,50,1
2026-04-17,600036,14:07:01,39.5400,44,2
2026-04-17,600036,14:07:04,39.5500,37,1
2026-04-17,600036,14:07:07,39.5400,59,2
2026-04-17,600036,14:07:10,39.5400,125,2
2026-04-17,600036,14:07:13,39.5400,53,2
2026-04-17,600036,14:07:16,39.5400,644,2
2026-04-17,600036,14:07:19,39.5400,66,2
2026-04-17,600036,14:07:22,39.5400,118,2
2026-04-17,600036,14:07:25,39.5500,92,1
2026-04-17,600036,14:07:28,39.5400,84,2
2026-04-17,600036,14:07:31,39.5400,43,2
2026-04-17,600036,14:07:34,39.5400,64,2
2026-04-17,600036,14:07:37,39.5400,114,2
2026-04-17,600036,14:07:40,39.5300,58,2
2026-04-17,600036,14:07:43,39.5400,115,1
2026-04-17,600036,14:07:46,39.5400,938,4
2026-04-17,600036,14:07:49,39.5400,38,2
2026-04-17,600036,14:07:52,39.5400,89,2
2026-04-17,600036,14:07:55,39.5500,44,1
2026-04-17,600036,14:07:58,39.5500,98,1
2026-04-17,600036,14:08:01,39.5400,54,2
2026-04-17,600036,14:08:04,39.5500,146,1
2026-04-17,600036,14:08:07,39.5400,389,2
2026-04-17,600036,14:08:10,39.5300,118,2
2026-04-17,600036,14:08:13,39.5400,26,2
2026-04-17,600036,14:08:16,39.5400,71,2
2026-04-17,600036,14:08:19,39.5500,2,1
2026-04-17,600036,14:08:22,39.5300,51,2
2026-04-17,600036,14:08:25,39.5300,335,2
2026-04-17,600036,14:08:28,39.5400,39,2
2026-04-17,600036,14:08:31,39.5400,76,2
2026-04-17,600036,14:08:34,39.5400,41,2
2026-04-17,600036,14:08:37,39.5400,42,2
2026-04-17,600036,14:08:40,39.5400,1187,1
2026-04-17,600036,14:08:43,39.5300,47,2
2026-04-17,600036,14:08:46,39.5300,58,2
2026-04-17,600036,14:08:49,39.5300,58,2
2026-04-17,600036,14:08:52,39.5300,42,2
2026-04-17,600036,14:08:55,39.5300,32,2
2026-04-17,600036,14:08:58,39.5400,132,1
2026-04-17,600036,14:09:01,39.5400,701,1
2026-04-17,600036,14:09:04,39.5300,2020,2
2026-04-17,600036,14:09:07,39.5300,368,2
2026-04-17,600036,14:09:10,39.5300,48,1
2026-04-17,600036,14:09:13,39.5300,30,1
2026-04-17,600036,14:09:16,39.5300,129,1
2026-04-17,600036,14:09:19,39.5200,29,2
2026-04-17,600036,14:09:22,39.5200,357,2
2026-04-17,600036,14:09:25,39.5200,262,2
2026-04-17,600036,14:09:28,39.5300,11,1
2026-04-17,600036,14:09:31,39.5300,155,1
2026-04-17,600036,14:09:34,39.5200,395,2
2026-04-17,600036,14:09:37,39.5200,55,2
2026-04-17,600036,14:09:40,39.5300,104,1
2026-04-17,600036,14:09:43,39.5300,3,1
2026-04-17,600036,14:09:46,39.5200,30,2
2026-04-17,600036,14:09:49,39.5200,41,2
2026-04-17,600036,14:09:52,39.5300,13,1
2026-04-17,600036,14:09:55,39.5300,28,1
2026-04-17,600036,14:09:58,39.5300,242,1
2026-04-17,600036,14:10:01,39.5300,115,1
2026-04-17,600036,14:10:04,39.5200,114,2
2026-04-17,600036,14:10:07,39.5200,242,2
2026-04-17,600036,14:10:10,39.5200,61,2
2026-04-17,600036,14:10:13,39.5100,237,2
2026-04-17,600036,14:10:16,39.5200,144,1
2026-04-17,600036,14:10:19,39.5100,39,2
2026-04-17,600036,14:10:22,39.5200,1680,1
2026-04-17,600036,14:10:25,39.5200,171,2
2026-04-17,600036,14:10:28,39.5300,32,1
2026-04-17,600036,14:10:31,39.5200,185,2
2026-04-17,600036,14:10:34,39.5300,31,1
2026-04-17,600036,14:10:37,39.5300,51,1
2026-04-17,600036,14:10:40,39.5200,83,2
2026-04-17,600036,14:10:43,39.5300,69,1
2026-04-17,600036,14:10:46,39.5200,36,2
2026-04-17,600036,14:10:49,39.5200,30,2
2026-04-17,600036,14:10:52,39.5200,277,2
2026-04-17,600036,14:10:55,39.5200,8,2
2026-04-17,600036,14:10:58,39.5300,15,1
2026-04-17,600036,14:11:01,39.5200,45,2
2026-04-17,600036,14:11:04,39.5200,26,2
2026-04-17,600036,14:11:07,39.5200,25,2
2026-04-17,600036,14:11:10,39.5300,1,1
2026-04-17,600036,14:11:13,39.5200,36,2
2026-04-17,600036,14:11:16,39.5200,750,2
2026-04-17,600036,14:11:19,39.5200,148,2
2026-04-17,600036,14:11:22,39.5300,81,1
2026-04-17,600036,14:11:25,39.5300,27,1
2026-04-17,600036,14:11:28,39.5300,13,1
2026-04-17,600036,14:11:31,39.5200,13,2
2026-04-17,600036,14:11:34,39.5300,25,1
2026-04-17,600036,14:11:37,39.5300,53,1
2026-04-17,600036,14:11:40,39.5200,313,2
2026-04-17,600036,14:11:43,39.5200,92,2
2026-04-17,600036,14:11:46,39.5200,120,2
2026-04-17,600036,14:11:49,39.5200,684,2
2026-04-17,600036,14:11:52,39.5200,670,2
2026-04-17,600036,14:11:55,39.5200,229,1
2026-04-17,600036,14:11:58,39.5200,7,1
2026-04-17,600036,14:12:01,39.5100,57,2
2026-04-17,600036,14:12:04,39.5200,210,1
2026-04-17,600036,14:12:07,39.5100,171,2
2026-04-17,600036,14:12:10,39.5200,69,1
2026-04-17,600036,14:12:13,39.5200,23,1
2026-04-17,600036,14:12:16,39.5200,18,1
2026-04-17,600036,14:12:19,39.5200,33,1
2026-04-17,600036,14:12:22,39.5200,54,1
2026-04-17,600036,14:12:25,39.5200,14,1
2026-04-17,600036,14:12:28,39.5100,35,2
2026-04-17,600036,14:12:31,39.5200,30,1
2026-04-17,600036,14:12:34,39.5200,138,1
2026-04-17,600036,14:12:37,39.5200,33,1
2026-04-17,600036,14:12:40,39.5100,34,2
2026-04-17,600036,14:12:43,39.5100,55,2
2026-04-17,600036,14:12:46,39.5200,21,1
2026-04-17,600036,14:12:49,39.5200,27,1
2026-04-17,600036,14:12:52,39.5200,8,1
2026-04-17,600036,14:12:55,39.5200,14,1
2026-04-17,600036,14:12:58,39.5100,8,2
2026-04-17,600036,14:13:01,39.5200,26,1
2026-04-17,600036,14:13:04,39.5200,220,1
2026-04-17,600036,14:13:07,39.5200,10,1
2026-04-17,600036,14:13:10,39.5200,22,1
2026-04-17,600036,14:13:13,39.5200,18,1
2026-04-17,600036,14:13:16,39.5200,110,1
2026-04-17,600036,14:13:19,39.5200,47,1
2026-04-17,600036,14:13:22,39.5200,11,1
2026-04-17,600036,14:13:25,39.5200,17,1
2026-04-17,600036,14:13:28,39.5200,8,1
2026-04-17,600036,14:13:31,39.5200,44,1
2026-04-17,600036,14:13:34,39.5200,35,1
2026-04-17,600036,14:13:37,39.5200,124,1
2026-04-17,600036,14:13:40,39.5200,52,1
2026-04-17,600036,14:13:43,39.5200,61,1
2026-04-17,600036,14:13:46,39.5100,69,2
2026-04-17,600036,14:13:49,39.5200,48,1
2026-04-17,600036,14:13:52,39.5200,18,1
2026-04-17,600036,14:13:55,39.5200,91,1
2026-04-17,600036,14:13:58,39.5200,62,1
2026-04-17,600036,14:14:01,39.5200,104,1
2026-04-17,600036,14:14:04,39.5200,141,1
2026-04-17,600036,14:14:07,39.5200,87,1
2026-04-17,600036,14:14:10,39.5200,25,1
2026-04-17,600036,14:14:13,39.5200,728,1
2026-04-17,600036,14:14:16,39.5200,401,2
2026-04-17,600036,14:14:19,39.5200,10,2
2026-04-17,600036,14:14:22,39.5200,17,2
2026-04-17,600036,14:14:25,39.5300,19,1
2026-04-17,600036,14:14:28,39.5300,83,1
2026-04-17,600036,14:14:31,39.5200,103,2
2026-04-17,600036,14:14:34,39.5300,45,1
2026-04-17,600036,14:14:37,39.5200,21,2
2026-04-17,600036,14:14:40,39.5300,65,1
2026-04-17,600036,14:14:43,39.5300,2,1
2026-04-17,600036,14:14:46,39.5300,38,1
2026-04-17,600036,14:14:49,39.5300,18,1
2026-04-17,600036,14:14:55,39.5300,64,1
2026-04-17,600036,14:14:58,39.5300,25,1
2026-04-17,600036,14:15:01,39.5300,53,1
2026-04-17,600036,14:15:04,39.5300,20,1
2026-04-17,600036,14:15:07,39.5300,11,1
2026-04-17,600036,14:15:10,39.5300,34,1
2026-04-17,600036,14:15:13,39.5300,33,1
2026-04-17,600036,14:15:16,39.5300,50,1
2026-04-17,600036,14:15:19,39.5300,34,1
2026-04-17,600036,14:15:22,39.5300,11,1
2026-04-17,600036,14:15:25,39.5300,45,1
2026-04-17,600036,14:15:28,39.5200,184,2
2026-04-17,600036,14:15:31,39.5300,63,1
2026-04-17,600036,14:15:34,39.5300,114,1
2026-04-17,600036,14:15:37,39.5300,46,1
2026-04-17,600036,14:15:40,39.5300,1,1
2026-04-17,600036,14:15:43,39.5300,72,1
2026-04-17,600036,14:15:46,39.5200,86,2
2026-04-17,600036,14:15:49,39.5300,93,1
2026-04-17,600036,14:15:52,39.5200,43,2
2026-04-17,600036,14:15:55,39.5200,52,2
2026-04-17,600036,14:15:58,39.5300,27,1
2026-04-17,600036,14:16:01,39.5200,73,2
2026-04-17,600036,14:16:04,39.5200,161,2
2026-04-17,600036,14:16:07,39.5200,1168,2
2026-04-17,600036,14:16:10,39.5200,211,2
2026-04-17,600036,14:16:13,39.5200,130,2
2026-04-17,600036,14:16:16,39.5100,36,2
2026-04-17,600036,14:16:19,39.5100,210,2
2026-04-17,600036,14:16:22,39.5100,134,2
2026-04-17,600036,14:16:25,39.5100,102,2
2026-04-17,600036,14:16:28,39.5200,46,1
2026-04-17,600036,14:16:31,39.5100,38,2
2026-04-17,600036,14:16:34,39.5200,120,1
2026-04-17,600036,14:16:37,39.5100,69,2
2026-04-17,600036,14:16:40,39.5200,85,1
2026-04-17,600036,14:16:43,39.5100,48,2
2026-04-17,600036,14:16:46,39.5200,66,1
2026-04-17,600036,14:16:49,39.5200,7,1
2026-04-17,600036,14:16:52,39.5200,27,1
2026-04-17,600036,14:16:55,39.5200,48,1
2026-04-17,600036,14:16:58,39.5200,9,1
2026-04-17,600036,14:17:01,39.5200,145,1
2026-04-17,600036,14:17:04,39.5100,62,2
2026-04-17,600036,14:17:07,39.5200,42,1
2026-04-17,600036,14:17:10,39.5100,2,2
2026-04-17,600036,14:17:13,39.5200,48,1
2026-04-17,600036,14:17:16,39.5200,62,1
2026-04-17,600036,14:17:19,39.5200,26,1
2026-04-17,600036,14:17:22,39.5200,39,1
2026-04-17,600036,14:17:25,39.5200,40,1
2026-04-17,600036,14:17:28,39.5200,12,1
2026-04-17,600036,14:17:31,39.5200,10,1
2026-04-17,600036,14:17:34,39.5100,7,2
2026-04-17,600036,14:17:37,39.5200,86,1
2026-04-17,600036,14:17:40,39.5200,100,1
2026-04-17,600036,14:17:43,39.5200,22,1
2026-04-17,600036,14:17:46,39.5100,87,2
2026-04-17,600036,14:17:49,39.5100,31,2
2026-04-17,600036,14:17:52,39.5200,2,1
2026-04-17,600036,14:17:55,39.5100,30,2
2026-04-17,600036,14:17:58,39.5100,23,2
2026-04-17,600036,14:18:01,39.5100,41,2
2026-04-17,600036,14:18:04,39.5100,49,2
2026-04-17,600036,14:18:07,39.5100,16,2
2026-04-17,600036,14:18:10,39.5100,185,2
2026-04-17,600036,14:18:13,39.5100,105,2
2026-04-17,600036,14:18:16,39.5100,4,2
2026-04-17,600036,14:18:19,39.5200,20,1
2026-04-17,600036,14:18:22,39.5200,88,1
2026-04-17,600036,14:18:25,39.5200,52,1
2026-04-17,600036,14:18:28,39.5100,224,2
2026-04-17,600036,14:18:31,39.5200,5,1
2026-04-17,600036,14:18:34,39.5100,22,2
2026-04-17,600036,14:18:37,39.5200,34,1
2026-04-17,600036,14:18:40,39.5200,31,1
2026-04-17,600036,14:18:43,39.5200,135,1
2026-04-17,600036,14:18:46,39.5200,9,1
2026-04-17,600036,14:18:49,39.5200,3,1
2026-04-17,600036,14:18:52,39.5200,69,1
2026-04-17,600036,14:18:55,39.5200,12,1
2026-04-17,600036,14:18:58,39.5100,59,2
2026-04-17,600036,14:19:01,39.5100,96,2
2026-04-17,600036,14:19:04,39.5100,46,2
2026-04-17,600036,14:19:07,39.5200,10,1
2026-04-17,600036,14:19:10,39.5200,24,1
2026-04-17,600036,14:19:13,39.5200,3,1
2026-04-17,600036,14:19:16,39.5200,188,1
2026-04-17,600036,14:19:19,39.5200,10,1
2026-04-17,600036,14:19:22,39.5100,19,2
2026-04-17,600036,14:19:25,39.5200,12,1
2026-04-17,600036,14:19:28,39.5100,4,2
2026-04-17,600036,14:19:31,39.5200,2,1
2026-04-17,600036,14:19:34,39.5200,79,1
2026-04-17,600036,14:19:37,39.5200,25,1
2026-04-17,600036,14:19:40,39.5200,20,1
2026-04-17,600036,14:19:43,39.5200,27,1
2026-04-17,600036,14:19:46,39.5100,51,2
2026-04-17,600036,14:19:49,39.5100,50,2
2026-04-17,600036,14:19:52,39.5200,3,1
2026-04-17,600036,14:19:55,39.5200,9,1
2026-04-17,600036,14:19:58,39.5200,146,1
2026-04-17,600036,14:20:01,39.5100,43,2
2026-04-17,600036,14:20:04,39.5100,11,2
2026-04-17,600036,14:20:07,39.5200,15,1
2026-04-17,600036,14:20:10,39.5200,14,1
2026-04-17,600036,14:20:13,39.5200,17,1
2026-04-17,600036,14:20:16,39.5200,1901,1
2026-04-17,600036,14:20:19,39.5300,97,1
2026-04-17,600036,14:20:22,39.5300,68,1
2026-04-17,600036,14:20:25,39.5200,148,2
2026-04-17,600036,14:20:28,39.5300,45,1
2026-04-17,600036,14:20:31,39.5300,52,1
2026-04-17,600036,14:20:34,39.5300,20,1
2026-04-17,600036,14:20:37,39.5300,31,1
2026-04-17,600036,14:20:40,39.5200,3,2
2026-04-17,600036,14:20:43,39.5300,37,1
2026-04-17,600036,14:20:46,39.5300,8,1
2026-04-17,600036,14:20:52,39.5300,83,1
2026-04-17,600036,14:20:55,39.5300,7,1
2026-04-17,600036,14:20:58,39.5300,15,1
2026-04-17,600036,14:21:01,39.5300,34,1
2026-04-17,600036,14:21:04,39.5200,4,2
2026-04-17,600036,14:21:07,39.5300,2,1
2026-04-17,600036,14:21:10,39.5200,73,2
2026-04-17,600036,14:21:13,39.5300,1662,1
2026-04-17,600036,14:21:16,39.5400,585,1
2026-04-17,600036,14:21:19,39.5400,137,2
2026-04-17,600036,14:21:22,39.5400,366,2
2026-04-17,600036,14:21:25,39.5300,388,2
2026-04-17,600036,14:21:28,39.5400,373,1
2026-04-17,600036,14:21:31,39.5300,14,2
2026-04-17,600036,14:21:34,39.5300,46,2
2026-04-17,600036,14:21:37,39.5300,154,2
2026-04-17,600036,14:21:40,39.5400,6,1
2026-04-17,600036,14:21:43,39.5300,161,2
2026-04-17,600036,14:21:46,39.5400,347,1
2026-04-17,600036,14:21:49,39.5400,23,1
2026-04-17,600036,14:21:52,39.5300,153,2
2026-04-17,600036,14:21:55,39.5300,23,2
2026-04-17,600036,14:21:58,39.5400,34,1
2026-04-17,600036,14:22:01,39.5400,23,1
2026-04-17,600036,14:22:04,39.5400,52,1
2026-04-17,600036,14:22:07,39.5400,30,1
2026-04-17,600036,14:22:10,39.5300,28,2
2026-04-17,600036,14:22:13,39.5400,35,1
2026-04-17,600036,14:22:16,39.5400,3,1
2026-04-17,600036,14:22:19,39.5300,77,2
2026-04-17,600036,14:22:22,39.5400,7,1
2026-04-17,600036,14:22:25,39.5400,12,1
2026-04-17,600036,14:22:28,39.5300,306,2
2026-04-17,600036,14:22:31,39.5400,48,1
2026-04-17,600036,14:22:34,39.5400,43,1
2026-04-17,600036,14:22:37,39.5300,27,2
2026-04-17,600036,14:22:40,39.5400,2,1
2026-04-17,600036,14:22:43,39.5400,9,1
2026-04-17,600036,14:22:46,39.5400,27,1
2026-04-17,600036,14:22:49,39.5400,81,1
2026-04-17,600036,14:22:52,39.5300,144,2
2026-04-17,600036,14:22:55,39.5300,523,2
2026-04-17,600036,14:22:58,39.5300,27,1
2026-04-17,600036,14:23:01,39.5200,130,2
2026-04-17,600036,14:23:04,39.5300,230,1
2026-04-17,600036,14:23:07,39.5200,43,2
2026-04-17,600036,14:23:10,39.5300,57,1
2026-04-17,600036,14:23:13,39.5300,26,1
2026-04-17,600036,14:23:16,39.5200,83,2
2026-04-17,600036,14:23:19,39.5200,930,2
2026-04-17,600036,14:23:22,39.5100,172,2
2026-04-17,600036,14:23:25,39.5100,139,2
2026-04-17,600036,14:23:28,39.5200,28,1
2026-04-17,600036,14:23:31,39.5100,128,2
2026-04-17,600036,14:23:34,39.5100,70,2
2026-04-17,600036,14:23:37,39.5100,87,2
2026-04-17,600036,14:23:40,39.5200,66,1
2026-04-17,600036,14:23:43,39.5200,128,1
2026-04-17,600036,14:23:46,39.5200,7,2
2026-04-17,600036,14:23:49,39.5200,8,2
2026-04-17,600036,14:23:52,39.5300,12,1
2026-04-17,600036,14:23:55,39.5300,73,1
2026-04-17,600036,14:23:58,39.5300,5,1
2026-04-17,600036,14:24:01,39.5200,79,2
2026-04-17,600036,14:24:07,39.5200,100,2
2026-04-17,600036,14:24:13,39.5300,33,1
2026-04-17,600036,14:24:16,39.5200,13,2
2026-04-17,600036,14:24:19,39.5300,110,1
2026-04-17,600036,14:24:22,39.5200,81,2
2026-04-17,600036,14:24:25,39.5300,2,1
2026-04-17,600036,14:24:28,39.5300,23,1
2026-04-17,600036,14:24:31,39.5300,61,1
2026-04-17,600036,14:24:34,39.5200,185,2
2026-04-17,600036,14:24:37,39.5200,216,2
2026-04-17,600036,14:24:40,39.5200,10,2
2026-04-17,600036,14:24:43,39.5200,169,2
2026-04-17,600036,14:24:46,39.5200,103,1
2026-04-17,600036,14:24:49,39.5200,87,1
2026-04-17,600036,14:24:52,39.5200,99,1
2026-04-17,600036,14:24:55,39.5300,51,1
2026-04-17,600036,14:24:58,39.5200,1413,4
2026-04-17,600036,14:25:01,39.5100,160,2
2026-04-17,600036,14:25:04,39.5200,135,1
2026-04-17,600036,14:25:07,39.5200,87,1
2026-04-17,600036,14:25:10,39.5200,206,1
2026-04-17,600036,14:25:13,39.5200,77,1
2026-04-17,600036,14:25:16,39.5200,118,1
2026-04-17,600036,14:25:19,39.5200,107,1
2026-04-17,600036,14:25:22,39.5100,478,2
2026-04-17,600036,14:25:25,39.5100,442,2
2026-04-17,600036,14:25:28,39.5100,71,2
2026-04-17,600036,14:25:31,39.5100,534,2
2026-04-17,600036,14:25:34,39.5200,8,1
2026-04-17,600036,14:25:37,39.5200,33,1
2026-04-17,600036,14:25:43,39.5200,5,1
2026-04-17,600036,14:25:46,39.5100,45,2
2026-04-17,600036,14:25:49,39.5100,6,2
2026-04-17,600036,14:25:52,39.5200,305,1
2026-04-17,600036,14:25:55,39.5200,98,1
2026-04-17,600036,14:25:58,39.5100,18,2
2026-04-17,600036,14:26:01,39.5100,103,2
2026-04-17,600036,14:26:04,39.5200,46,1
2026-04-17,600036,14:26:07,39.5100,39,2
2026-04-17,600036,14:26:10,39.5100,19,2
2026-04-17,600036,14:26:13,39.5100,187,2
2026-04-17,600036,14:26:16,39.5100,64,2
2026-04-17,600036,14:26:19,39.5100,45,2
2026-04-17,600036,14:26:22,39.5100,23,2
2026-04-17,600036,14:26:25,39.5200,93,1
2026-04-17,600036,14:26:28,39.5200,6,1
2026-04-17,600036,14:26:31,39.5200,122,1
2026-04-17,600036,14:26:34,39.5200,17,1
2026-04-17,600036,14:26:37,39.5200,5,1
2026-04-17,600036,14:26:40,39.5100,176,2
2026-04-17,600036,14:26:43,39.5100,155,2
2026-04-17,600036,14:26:46,39.5100,162,2
2026-04-17,600036,14:26:49,39.5100,3008,2
2026-04-17,600036,14:26:52,39.5200,52,1
2026-04-17,600036,14:26:55,39.5100,36,2
2026-04-17,600036,14:26:58,39.5200,14,1
2026-04-17,600036,14:27:01,39.5200,167,1
2026-04-17,600036,14:27:04,39.5100,162,2
2026-04-17,600036,14:27:07,39.5200,122,1
2026-04-17,600036,14:27:10,39.5200,37,1
2026-04-17,600036,14:27:13,39.5100,29,2
2026-04-17,600036,14:27:16,39.5100,78,2
2026-04-17,600036,14:27:19,39.5100,23,2
2026-04-17,600036,14:27:22,39.5100,6,2
2026-04-17,600036,14:27:25,39.5200,44,1
2026-04-17,600036,14:27:28,39.5200,42,1
2026-04-17,600036,14:27:31,39.5100,21,2
2026-04-17,600036,14:27:34,39.5200,20,1
2026-04-17,600036,14:27:37,39.5200,277,1
2026-04-17,600036,14:27:40,39.5200,27,1
2026-04-17,600036,14:27:43,39.5200,64,1
2026-04-17,600036,14:27:46,39.5200,43,1
2026-04-17,600036,14:27:49,39.5100,16,2
2026-04-17,600036,14:27:52,39.5200,1,1
2026-04-17,600036,14:27:55,39.5200,433,1
2026-04-17,600036,14:27:58,39.5200,339,1
2026-04-17,600036,14:28:01,39.5200,91,1
2026-04-17,600036,14:28:04,39.5200,40,1
2026-04-17,600036,14:28:07,39.5200,15,1
2026-04-17,600036,14:28:10,39.5200,1,1
2026-04-17,600036,14:28:13,39.5200,41,1
2026-04-17,600036,14:28:16,39.5200,20,1
2026-04-17,600036,14:28:19,39.5200,81,1
2026-04-17,600036,14:28:22,39.5100,232,2
2026-04-17,600036,14:28:25,39.5200,21,1
2026-04-17,600036,14:28:28,39.5200,11,1
2026-04-17,600036,14:28:31,39.5200,48,1
2026-04-17,600036,14:28:34,39.5200,25,1
2026-04-17,600036,14:28:37,39.5200,87,1
2026-04-17,600036,14:28:40,39.5200,67,1
2026-04-17,600036,14:28:43,39.5100,16,2
2026-04-17,600036,14:28:46,39.5200,380,1
2026-04-17,600036,14:28:49,39.5100,78,2
2026-04-17,600036,14:28:52,39.5200,54,1
2026-04-17,600036,14:28:55,39.5100,101,2
2026-04-17,600036,14:28:58,39.5100,4,2
2026-04-17,600036,14:29:01,39.5100,121,2
2026-04-17,600036,14:29:04,39.5100,233,2
2026-04-17,600036,14:29:07,39.5100,57,2
2026-04-17,600036,14:29:10,39.5100,51,2
2026-04-17,600036,14:29:13,39.5100,236,2
2026-04-17,600036,14:29:16,39.5200,193,1
2026-04-17,600036,14:29:19,39.5200,119,1
2026-04-17,600036,14:29:22,39.5100,13,2
2026-04-17,600036,14:29:25,39.5100,1,2
2026-04-17,600036,14:29:28,39.5100,10,2
2026-04-17,600036,14:29:31,39.5100,47,2
2026-04-17,600036,14:29:34,39.5100,202,2
2026-04-17,600036,14:29:37,39.5100,117,2
2026-04-17,600036,14:29:40,39.5100,5,2
2026-04-17,600036,14:29:43,39.5200,15,1
2026-04-17,600036,14:29:46,39.5100,41,2
2026-04-17,600036,14:29:49,39.5200,6,1
2026-04-17,600036,14:29:52,39.5100,19,2
2026-04-17,600036,14:29:55,39.5100,15,2
2026-04-17,600036,14:30:01,39.5100,182,2
2026-04-17,600036,14:30:04,39.5100,461,2
2026-04-17,600036,14:30:07,39.5100,65,2
2026-04-17,600036,14:30:10,39.5100,7,2
2026-04-17,600036,14:30:13,39.5100,17,2
2026-04-17,600036,14:30:16,39.5100,63,2
2026-04-17,600036,14:30:19,39.5200,48,1
2026-04-17,600036,14:30:22,39.5100,92,2
2026-04-17,600036,14:30:25,39.5200,202,1
2026-04-17,600036,14:30:28,39.5200,13,1
2026-04-17,600036,14:30:31,39.5200,40,1
2026-04-17,600036,14:30:34,39.5200,12,1
2026-04-17,600036,14:30:37,39.5100,50,2
2026-04-17,600036,14:30:40,39.5100,47,2
2026-04-17,600036,14:30:43,39.5200,21,1
2026-04-17,600036,14:30:46,39.5200,1,1
2026-04-17,600036,14:30:49,39.5200,413,1
2026-04-17,600036,14:30:52,39.5200,8,1
2026-04-17,600036,14:30:55,39.5100,58,2
2026-04-17,600036,14:30:58,39.5200,35,1
2026-04-17,600036,14:31:01,39.5100,169,2
2026-04-17,600036,14:31:04,39.5100,140,2
2026-04-17,600036,14:31:07,39.5100,34,2
2026-04-17,600036,14:31:10,39.5200,19,1
2026-04-17,600036,14:31:13,39.5100,22,2
2026-04-17,600036,14:31:16,39.5200,383,1
2026-04-17,600036,14:31:19,39.5200,41,1
2026-04-17,600036,14:31:22,39.5200,384,1
2026-04-17,600036,14:31:25,39.5100,195,2
2026-04-17,600036,14:31:28,39.5200,105,1
2026-04-17,600036,14:31:31,39.5100,1198,2
2026-04-17,600036,14:31:34,39.5200,77,1
2026-04-17,600036,14:31:37,39.5200,166,1
2026-04-17,600036,14:31:40,39.5100,584,2
2026-04-17,600036,14:31:43,39.5200,11,1
2026-04-17,600036,14:31:46,39.5100,77,2
2026-04-17,600036,14:31:49,39.5200,135,1
2026-04-17,600036,14:31:52,39.5200,6,1
2026-04-17,600036,14:31:55,39.5100,29,2
2026-04-17,600036,14:31:58,39.5200,64,1
2026-04-17,600036,14:32:01,39.5100,102,2
2026-04-17,600036,14:32:04,39.5200,20,1
2026-04-17,600036,14:32:07,39.5100,981,2
2026-04-17,600036,14:32:10,39.5200,657,1
2026-04-17,600036,14:32:13,39.5200,134,2
2026-04-17,600036,14:32:16,39.5200,56,2
2026-04-17,600036,14:32:19,39.5200,2,2
2026-04-17,600036,14:32:22,39.5300,172,1
2026-04-17,600036,14:32:25,39.5300,376,1
2026-04-17,600036,14:32:28,39.5200,181,1
2026-04-17,600036,14:32:31,39.5200,289,1
2026-04-17,600036,14:32:34,39.5100,372,2
2026-04-17,600036,14:32:37,39.5200,14,1
2026-04-17,600036,14:32:40,39.5200,145,1
2026-04-17,600036,14:32:43,39.5100,20,2
2026-04-17,600036,14:32:46,39.5100,11,2
2026-04-17,600036,14:32:49,39.5100,49,2
2026-04-17,600036,14:32:52,39.5200,13,1
2026-04-17,600036,14:32:55,39.5100,51,2
2026-04-17,600036,14:32:58,39.5100,395,2
2026-04-17,600036,14:33:01,39.5100,55,2
2026-04-17,600036,14:33:04,39.5200,89,1
2026-04-17,600036,14:33:07,39.5100,66,2
2026-04-17,600036,14:33:10,39.5200,21,1
2026-04-17,600036,14:33:13,39.5200,13,1
2026-04-17,600036,14:33:16,39.5200,20,1
2026-04-17,600036,14:33:19,39.5100,23,2
2026-04-17,600036,14:33:22,39.5100,450,2
2026-04-17,600036,14:33:25,39.5100,4,2
2026-04-17,600036,14:33:28,39.5200,42,1
2026-04-17,600036,14:33:31,39.5200,8,1
2026-04-17,600036,14:33:34,39.5200,11,1
2026-04-17,600036,14:33:37,39.5100,65,2
2026-04-17,600036,14:33:40,39.5100,7,2
2026-04-17,600036,14:33:43,39.5200,182,1
2026-04-17,600036,14:33:46,39.5100,234,2
2026-04-17,600036,14:33:49,39.5200,195,1
2026-04-17,600036,14:33:52,39.5100,67,2
2026-04-17,600036,14:33:55,39.5200,26,1
2026-04-17,600036,14:33:58,39.5200,42,1
2026-04-17,600036,14:34:01,39.5100,49,2
2026-04-17,600036,14:34:04,39.5100,77,2
2026-04-17,600036,14:34:07,39.5200,36,1
2026-04-17,600036,14:34:10,39.5200,28,1
2026-04-17,600036,14:34:13,39.5100,305,2
2026-04-17,600036,14:34:16,39.5200,13,1
2026-04-17,600036,14:34:19,39.5100,1,2
2026-04-17,600036,14:34:22,39.5200,133,1
2026-04-17,600036,14:34:25,39.5200,92,1
2026-04-17,600036,14:34:28,39.5100,3,2
2026-04-17,600036,14:34:31,39.5100,79,2
2026-04-17,600036,14:34:34,39.5200,9,1
2026-04-17,600036,14:34:37,39.5100,344,2
2026-04-17,600036,14:34:40,39.5100,83,2
2026-04-17,600036,14:34:43,39.5200,52,1
2026-04-17,600036,14:34:46,39.5200,52,1
2026-04-17,600036,14:34:49,39.5200,85,1
2026-04-17,600036,14:34:52,39.5200,11,1
2026-04-17,600036,14:34:55,39.5200,56,1
2026-04-17,600036,14:34:58,39.5100,48,2
2026-04-17,600036,14:35:01,39.5200,142,1
2026-04-17,600036,14:35:04,39.5100,447,2
2026-04-17,600036,14:35:07,39.5200,856,1
2026-04-17,600036,14:35:10,39.5200,101,1
2026-04-17,600036,14:35:13,39.5100,25,2
2026-04-17,600036,14:35:16,39.5200,30,1
2026-04-17,600036,14:35:19,39.5100,81,2
2026-04-17,600036,14:35:22,39.5300,2065,1
2026-04-17,600036,14:35:25,39.5300,96,4
2026-04-17,600036,14:35:28,39.5400,64,1
2026-04-17,600036,14:35:31,39.5400,152,1
2026-04-17,600036,14:35:34,39.5300,117,2
2026-04-17,600036,14:35:37,39.5300,61,2
2026-04-17,600036,14:35:40,39.5300,65,2
2026-04-17,600036,14:35:43,39.5400,40,1
2026-04-17,600036,14:35:46,39.5300,159,2
2026-04-17,600036,14:35:49,39.5300,17,2
2026-04-17,600036,14:35:52,39.5300,68,2
2026-04-17,600036,14:35:55,39.5400,28,1
2026-04-17,600036,14:35:58,39.5400,107,1
2026-04-17,600036,14:36:01,39.5300,84,2
2026-04-17,600036,14:36:04,39.5400,24,1
2026-04-17,600036,14:36:07,39.5300,16,2
2026-04-17,600036,14:36:10,39.5400,96,1
2026-04-17,600036,14:36:13,39.5300,55,2
2026-04-17,600036,14:36:16,39.5300,68,2
2026-04-17,600036,14:36:19,39.5300,83,2
2026-04-17,600036,14:36:22,39.5300,167,2
2026-04-17,600036,14:36:25,39.5300,71,2
2026-04-17,600036,14:36:28,39.5300,26,2
2026-04-17,600036,14:36:31,39.5200,286,2
2026-04-17,600036,14:36:34,39.5300,160,1
2026-04-17,600036,14:36:37,39.5300,230,1
2026-04-17,600036,14:36:40,39.5300,192,2
2026-04-17,600036,14:36:43,39.5300,46,2
2026-04-17,600036,14:36:46,39.5300,26,2
2026-04-17,600036,14:36:49,39.5400,50,1
2026-04-17,600036,14:36:52,39.5400,157,1
2026-04-17,600036,14:36:55,39.5300,56,2
2026-04-17,600036,14:37:01,39.5300,388,2
2026-04-17,600036,14:37:04,39.5400,35,1
2026-04-17,600036,14:37:07,39.5400,49,1
2026-04-17,600036,14:37:10,39.5400,89,1
2026-04-17,600036,14:37:13,39.5400,33,1
2026-04-17,600036,14:37:16,39.5300,146,2
2026-04-17,600036,14:37:19,39.5300,22,2
2026-04-17,600036,14:37:22,39.5400,66,1
2026-04-17,600036,14:37:25,39.5300,76,2
2026-04-17,600036,14:37:28,39.5300,221,2
2026-04-17,600036,14:37:31,39.5300,271,1
2026-04-17,600036,14:37:34,39.5400,28,1
2026-04-17,600036,14:37:37,39.5300,86,2
2026-04-17,600036,14:37:40,39.5400,123,1
2026-04-17,600036,14:37:43,39.5400,303,1
2026-04-17,600036,14:37:46,39.5300,140,2
2026-04-17,600036,14:37:49,39.5300,16,1
2026-04-17,600036,14:37:52,39.5400,132,1
2026-04-17,600036,14:37:55,39.5300,124,4
2026-04-17,600036,14:37:58,39.5300,32,1
2026-04-17,600036,14:38:01,39.5300,82,1
2026-04-17,600036,14:38:04,39.5300,141,1
2026-04-17,600036,14:38:07,39.5200,76,2
2026-04-17,600036,14:38:10,39.5300,388,1
2026-04-17,600036,14:38:13,39.5300,25,1
2026-04-17,600036,14:38:16,39.5200,15,2
2026-04-17,600036,14:38:19,39.5200,46,2
2026-04-17,600036,14:38:22,39.5200,161,2
2026-04-17,600036,14:38:25,39.5300,42,1
2026-04-17,600036,14:38:28,39.5300,8,1
2026-04-17,600036,14:38:31,39.5300,63,1
2026-04-17,600036,14:38:34,39.5200,301,2
2026-04-17,600036,14:38:37,39.5300,21,1
2026-04-17,600036,14:38:40,39.5300,61,1
2026-04-17,600036,14:38:43,39.5300,5,1
2026-04-17,600036,14:38:46,39.5300,145,1
2026-04-17,600036,14:38:49,39.5300,6,1
2026-04-17,600036,14:38:52,39.5200,64,2
2026-04-17,600036,14:38:55,39.5300,8,1
2026-04-17,600036,14:38:58,39.5200,135,2
2026-04-17,600036,14:39:01,39.5200,213,2
2026-04-17,600036,14:39:04,39.5200,494,2
2026-04-17,600036,14:39:07,39.5300,21,1
2026-04-17,600036,14:39:10,39.5300,91,1
2026-04-17,600036,14:39:13,39.5300,528,1
2026-04-17,600036,14:39:16,39.5300,144,1
2026-04-17,600036,14:39:19,39.5300,68,1
2026-04-17,600036,14:39:22,39.5300,16,2
2026-04-17,600036,14:39:25,39.5300,109,2
2026-04-17,600036,14:39:28,39.5300,67,2
2026-04-17,600036,14:39:31,39.5300,76,2
2026-04-17,600036,14:39:34,39.5300,94,2
2026-04-17,600036,14:39:37,39.5400,17,1
2026-04-17,600036,14:39:40,39.5300,102,2
2026-04-17,600036,14:39:43,39.5300,8,2
2026-04-17,600036,14:39:46,39.5400,150,1
2026-04-17,600036,14:39:49,39.5400,31,1
2026-04-17,600036,14:39:52,39.5300,228,2
2026-04-17,600036,14:39:55,39.5400,20,1
2026-04-17,600036,14:39:58,39.5400,6,1
2026-04-17,600036,14:40:01,39.5300,123,2
2026-04-17,600036,14:40:04,39.5400,18,1
2026-04-17,600036,14:40:07,39.5400,1035,1
2026-04-17,600036,14:40:10,39.5300,119,2
2026-04-17,600036,14:40:13,39.5300,69,2
2026-04-17,600036,14:40:16,39.5400,68,1
2026-04-17,600036,14:40:19,39.5300,39,2
2026-04-17,600036,14:40:22,39.5300,136,2
2026-04-17,600036,14:40:25,39.5400,25,1
2026-04-17,600036,14:40:28,39.5300,43,2
2026-04-17,600036,14:40:31,39.5300,83,2
2026-04-17,600036,14:40:34,39.5300,142,2
2026-04-17,600036,14:40:37,39.5300,65,2
2026-04-17,600036,14:40:40,39.5400,83,1
2026-04-17,600036,14:40:43,39.5400,6,1
2026-04-17,600036,14:40:46,39.5400,40,1
2026-04-17,600036,14:40:49,39.5400,35,1
2026-04-17,600036,14:40:52,39.5400,148,1
2026-04-17,600036,14:40:55,39.5400,7,1
2026-04-17,600036,14:40:58,39.5400,23,1
2026-04-17,600036,14:41:01,39.5300,154,2
2026-04-17,600036,14:41:04,39.5300,15,2
2026-04-17,600036,14:41:07,39.5400,150,1
2026-04-17,600036,14:41:10,39.5400,23,1
2026-04-17,600036,14:41:13,39.5300,63,2
2026-04-17,600036,14:41:16,39.5300,36,2
2026-04-17,600036,14:41:19,39.5300,7,2
2026-04-17,600036,14:41:22,39.5400,124,1
2026-04-17,600036,14:41:25,39.5400,53,1
2026-04-17,600036,14:41:28,39.5400,44,1
2026-04-17,600036,14:41:31,39.5400,104,1
2026-04-17,600036,14:41:34,39.5400,36,1
2026-04-17,600036,14:41:37,39.5300,46,2
2026-04-17,600036,14:41:40,39.5400,59,1
2026-04-17,600036,14:41:43,39.5300,34,2
2026-04-17,600036,14:41:46,39.5200,966,2
2026-04-17,600036,14:41:49,39.5200,169,2
2026-04-17,600036,14:41:52,39.5200,171,2
2026-04-17,600036,14:41:55,39.5200,20,2
2026-04-17,600036,14:41:58,39.5300,17,1
2026-04-17,600036,14:42:01,39.5200,131,2
2026-04-17,600036,14:42:04,39.5200,220,2
2026-04-17,600036,14:42:07,39.5200,957,2
2026-04-17,600036,14:42:10,39.5300,290,1
2026-04-17,600036,14:42:13,39.5300,151,1
2026-04-17,600036,14:42:16,39.5200,126,2
2026-04-17,600036,14:42:19,39.5200,141,1
2026-04-17,600036,14:42:22,39.5200,446,1
2026-04-17,600036,14:42:25,39.5200,53,2
2026-04-17,600036,14:42:28,39.5200,141,2
2026-04-17,600036,14:42:31,39.5200,93,2
2026-04-17,600036,14:42:34,39.5200,100,2
2026-04-17,600036,14:42:37,39.5200,88,2
2026-04-17,600036,14:42:40,39.5300,45,1
2026-04-17,600036,14:42:43,39.5200,63,2
2026-04-17,600036,14:42:46,39.5200,5,2
2026-04-17,600036,14:42:49,39.5200,75,2
2026-04-17,600036,14:42:52,39.5200,33,2
2026-04-17,600036,14:42:55,39.5200,52,2
2026-04-17,600036,14:42:58,39.5200,4,2
2026-04-17,600036,14:43:01,39.5200,40,2
2026-04-17,600036,14:43:04,39.5300,59,1
2026-04-17,600036,14:43:07,39.5300,10,1
2026-04-17,600036,14:43:10,39.5300,28,1
2026-04-17,600036,14:43:13,39.5200,32,2
2026-04-17,600036,14:43:16,39.5200,71,2
2026-04-17,600036,14:43:19,39.5200,36,2
2026-04-17,600036,14:43:22,39.5200,518,2
2026-04-17,600036,14:43:25,39.5200,580,2
2026-04-17,600036,14:43:28,39.5200,274,2
2026-04-17,600036,14:43:31,39.5300,72,1
2026-04-17,600036,14:43:34,39.5200,43,2
2026-04-17,600036,14:43:37,39.5300,190,1
2026-04-17,600036,14:43:40,39.5200,8,2
2026-04-17,600036,14:43:43,39.5200,31,2
2026-04-17,600036,14:43:46,39.5200,65,2
2026-04-17,600036,14:43:49,39.5200,95,2
2026-04-17,600036,14:43:52,39.5200,95,2
2026-04-17,600036,14:43:55,39.5200,292,2
2026-04-17,600036,14:43:58,39.5300,53,1
2026-04-17,600036,14:44:01,39.5200,525,2
2026-04-17,600036,14:44:04,39.5100,128,2
2026-04-17,600036,14:44:07,39.5200,156,1
2026-04-17,600036,14:44:10,39.5200,25,1
2026-04-17,600036,14:44:13,39.5100,91,2
2026-04-17,600036,14:44:16,39.5200,49,1
2026-04-17,600036,14:44:22,39.5200,45,1
2026-04-17,600036,14:44:25,39.5200,30,1
2026-04-17,600036,14:44:28,39.5200,25,1
2026-04-17,600036,14:44:31,39.5100,31,2
2026-04-17,600036,14:44:34,39.5200,58,1
2026-04-17,600036,14:44:37,39.5200,261,1
2026-04-17,600036,14:44:40,39.5200,47,1
2026-04-17,600036,14:44:43,39.5200,2228,1
2026-04-17,600036,14:44:46,39.5200,67,2
2026-04-17,600036,14:44:49,39.5200,119,2
2026-04-17,600036,14:44:52,39.5200,122,2
2026-04-17,600036,14:44:55,39.5300,18,1
2026-04-17,600036,14:44:58,39.5200,2,2
2026-04-17,600036,14:45:01,39.5200,52,2
2026-04-17,600036,14:45:04,39.5200,160,2
2026-04-17,600036,14:45:07,39.5200,82,2
2026-04-17,600036,14:45:10,39.5200,82,2
2026-04-17,600036,14:45:13,39.5200,31,2
2026-04-17,600036,14:45:16,39.5200,6,2
2026-04-17,600036,14:45:19,39.5300,38,1
2026-04-17,600036,14:45:22,39.5300,40,1
2026-04-17,600036,14:45:25,39.5200,29,2
2026-04-17,600036,14:45:28,39.5300,9,1
2026-04-17,600036,14:45:31,39.5200,32,2
2026-04-17,600036,14:45:34,39.5300,31,1
2026-04-17,600036,14:45:37,39.5200,263,2
2026-04-17,600036,14:45:40,39.5300,34,1
2026-04-17,600036,14:45:43,39.5300,42,1
2026-04-17,600036,14:45:46,39.5300,28,1
2026-04-17,600036,14:45:49,39.5200,96,2
2026-04-17,600036,14:45:52,39.5200,561,2
2026-04-17,600036,14:45:55,39.5200,347,1
2026-04-17,600036,14:45:58,39.5200,135,1
2026-04-17,600036,14:46:01,39.5100,298,2
2026-04-17,600036,14:46:04,39.5100,93,2
2026-04-17,600036,14:46:07,39.5200,34,1
2026-04-17,600036,14:46:10,39.5100,83,2
2026-04-17,600036,14:46:13,39.5200,63,1
2026-04-17,600036,14:46:16,39.5200,59,1
2026-04-17,600036,14:46:19,39.5100,158,2
2026-04-17,600036,14:46:22,39.5100,29,2
2026-04-17,600036,14:46:25,39.5100,138,2
2026-04-17,600036,14:46:28,39.5100,230,2
2026-04-17,600036,14:46:31,39.5100,72,2
2026-04-17,600036,14:46:34,39.5100,150,2
2026-04-17,600036,14:46:37,39.5100,343,2
2026-04-17,600036,14:46:40,39.5100,95,2
2026-04-17,600036,14:46:43,39.5100,234,2
2026-04-17,600036,14:46:46,39.5100,134,2
2026-04-17,600036,14:46:49,39.5100,9,2
2026-04-17,600036,14:46:52,39.5100,33,2
2026-04-17,600036,14:46:55,39.5200,70,1
2026-04-17,600036,14:46:58,39.5100,168,2
2026-04-17,600036,14:47:01,39.5100,37,2
2026-04-17,600036,14:47:04,39.5100,124,2
2026-04-17,600036,14:47:07,39.5200,112,1
2026-04-17,600036,14:47:10,39.5200,1583,1
2026-04-17,600036,14:47:13,39.5100,147,2
2026-04-17,600036,14:47:16,39.5100,229,2
2026-04-17,600036,14:47:19,39.5100,388,2
2026-04-17,600036,14:47:22,39.5200,22,1
2026-04-17,600036,14:47:25,39.5100,97,2
2026-04-17,600036,14:47:28,39.5200,160,1
2026-04-17,600036,14:47:31,39.5200,26,1
2026-04-17,600036,14:47:34,39.5100,15,2
2026-04-17,600036,14:47:37,39.5100,557,2
2026-04-17,600036,14:47:40,39.5100,121,2
2026-04-17,600036,14:47:43,39.5100,168,2
2026-04-17,600036,14:47:46,39.5100,60,2
2026-04-17,600036,14:47:49,39.5200,116,1
2026-04-17,600036,14:47:52,39.5100,148,2
2026-04-17,600036,14:47:55,39.5200,26,1
2026-04-17,600036,14:47:58,39.5100,104,2
2026-04-17,600036,14:48:01,39.5200,86,1
2026-04-17,600036,14:48:04,39.5200,80,1
2026-04-17,600036,14:48:07,39.5200,477,1
2026-04-17,600036,14:48:10,39.5100,75,2
2026-04-17,600036,14:48:13,39.5100,49,2
2026-04-17,600036,14:48:16,39.5100,289,2
2026-04-17,600036,14:48:19,39.5100,53,2
2026-04-17,600036,14:48:22,39.5100,51,2
2026-04-17,600036,14:48:25,39.5100,174,2
2026-04-17,600036,14:48:28,39.5200,15,1
2026-04-17,600036,14:48:31,39.5200,28,1
2026-04-17,600036,14:48:34,39.5100,46,2
2026-04-17,600036,14:48:37,39.5100,315,2
2026-04-17,600036,14:48:40,39.5100,248,2
2026-04-17,600036,14:48:43,39.5200,13,1
2026-04-17,600036,14:48:46,39.5200,40,1
2026-04-17,600036,14:48:49,39.5200,507,1
2026-04-17,600036,14:48:52,39.5100,34,2
2026-04-17,600036,14:48:55,39.5100,11,2
2026-04-17,600036,14:48:58,39.5200,30,1
2026-04-17,600036,14:49:01,39.5100,151,2
2026-04-17,600036,14:49:04,39.5100,319,2
2026-04-17,600036,14:49:07,39.5100,373,2
2026-04-17,600036,14:49:10,39.5100,29,2
2026-04-17,600036,14:49:13,39.5100,324,2
2026-04-17,600036,14:49:16,39.5100,1065,2
2026-04-17,600036,14:49:19,39.5100,61,2
2026-04-17,600036,14:49:22,39.5000,106,2
2026-04-17,600036,14:49:25,39.5100,281,1
2026-04-17,600036,14:49:28,39.5100,182,1
2026-04-17,600036,14:49:31,39.5100,86,1
2026-04-17,600036,14:49:34,39.5100,39,1
2026-04-17,600036,14:49:37,39.5000,171,2
2026-04-17,600036,14:49:40,39.5100,41,1
2026-04-17,600036,14:49:43,39.5100,124,1
2026-04-17,600036,14:49:46,39.5100,54,1
2026-04-17,600036,14:49:49,39.5100,872,1
2026-04-17,600036,14:49:52,39.5100,352,2
2026-04-17,600036,14:49:55,39.5000,218,2
2026-04-17,600036,14:49:58,39.5000,107,2
2026-04-17,600036,14:50:01,39.5000,572,2
2026-04-17,600036,14:50:04,39.5000,291,2
2026-04-17,600036,14:50:07,39.5100,34,1
2026-04-17,600036,14:50:10,39.5100,60,1
2026-04-17,600036,14:50:13,39.5000,200,2
2026-04-17,600036,14:50:16,39.5000,17,2
2026-04-17,600036,14:50:19,39.5100,355,1
2026-04-17,600036,14:50:22,39.5000,20,2
2026-04-17,600036,14:50:25,39.5100,174,1
2026-04-17,600036,14:50:28,39.5100,96,1
2026-04-17,600036,14:50:31,39.5100,19,1
2026-04-17,600036,14:50:34,39.5100,29,1
2026-04-17,600036,14:50:37,39.5100,176,1
2026-04-17,600036,14:50:40,39.5100,183,1
2026-04-17,600036,14:50:43,39.5100,673,1
2026-04-17,600036,14:50:46,39.5100,406,1
2026-04-17,600036,14:50:49,39.5100,9,1
2026-04-17,600036,14:50:52,39.5000,110,2
2026-04-17,600036,14:50:55,39.5100,96,1
2026-04-17,600036,14:50:58,39.5100,77,1
2026-04-17,600036,14:51:01,39.5100,130,1
2026-04-17,600036,14:51:04,39.5100,77,1
2026-04-17,600036,14:51:07,39.5100,107,1
2026-04-17,600036,14:51:10,39.5100,89,1
2026-04-17,600036,14:51:13,39.5000,240,2
2026-04-17,600036,14:51:16,39.5100,87,1
2026-04-17,600036,14:51:19,39.5000,66,2
2026-04-17,600036,14:51:22,39.5000,1661,2
2026-04-17,600036,14:51:25,39.5000,623,2
2026-04-17,600036,14:51:28,39.5000,109,2
2026-04-17,600036,14:51:31,39.5100,194,1
2026-04-17,600036,14:51:34,39.5100,143,1
2026-04-17,600036,14:51:37,39.5000,234,2
2026-04-17,600036,14:51:40,39.5000,34,2
2026-04-17,600036,14:51:43,39.5100,26,1
2026-04-17,600036,14:51:46,39.5100,228,1
2026-04-17,600036,14:51:49,39.5100,189,1
2026-04-17,600036,14:51:52,39.5100,24,1
2026-04-17,600036,14:51:55,39.5100,45,1
2026-04-17,600036,14:51:58,39.5100,173,1
2026-04-17,600036,14:52:01,39.5100,269,1
2026-04-17,600036,14:52:04,39.5000,366,2
2026-04-17,600036,14:52:07,39.5000,289,2
2026-04-17,600036,14:52:10,39.5100,57,1
2026-04-17,600036,14:52:13,39.5000,189,2
2026-04-17,600036,14:52:16,39.5100,111,1
2026-04-17,600036,14:52:19,39.5000,56,2
2026-04-17,600036,14:52:22,39.5000,188,2
2026-04-17,600036,14:52:25,39.5000,96,2
2026-04-17,600036,14:52:28,39.5100,295,1
2026-04-17,600036,14:52:31,39.5000,105,2
2026-04-17,600036,14:52:34,39.5000,233,2
2026-04-17,600036,14:52:37,39.5100,430,1
2026-04-17,600036,14:52:40,39.5100,92,1
2026-04-17,600036,14:52:43,39.5000,35,2
2026-04-17,600036,14:52:46,39.5100,44,1
2026-04-17,600036,14:52:49,39.5100,401,1
2026-04-17,600036,14:52:52,39.5100,268,1
2026-04-17,600036,14:52:55,39.5000,80,2
2026-04-17,600036,14:52:58,39.5000,84,2
2026-04-17,600036,14:53:01,39.5000,100,2
2026-04-17,600036,14:53:04,39.5100,285,1
2026-04-17,600036,14:53:07,39.5100,161,1
2026-04-17,600036,14:53:10,39.5100,50,1
2026-04-17,600036,14:53:13,39.5000,116,2
2026-04-17,600036,14:53:16,39.5100,55,1
2026-04-17,600036,14:53:19,39.5000,191,2
2026-04-17,600036,14:53:22,39.5100,92,1
2026-04-17,600036,14:53:25,39.5100,71,1
2026-04-17,600036,14:53:28,39.5100,344,1
2026-04-17,600036,14:53:31,39.5100,424,1
2026-04-17,600036,14:53:34,39.5100,153,1
2026-04-17,600036,14:53:37,39.5000,72,2
2026-04-17,600036,14:53:40,39.5100,80,1
2026-04-17,600036,14:53:43,39.5100,77,1
2026-04-17,600036,14:53:46,39.5100,67,1
2026-04-17,600036,14:53:49,39.5100,530,1
2026-04-17,600036,14:53:52,39.5100,119,1
2026-04-17,600036,14:53:55,39.5000,200,2
2026-04-17,600036,14:53:58,39.5100,413,1
2026-04-17,600036,14:54:01,39.5200,499,1
2026-04-17,600036,14:54:04,39.5200,205,1
2026-04-17,600036,14:54:07,39.5000,127,2
2026-04-17,600036,14:54:10,39.5000,35,2
2026-04-17,600036,14:54:13,39.5100,80,1
2026-04-17,600036,14:54:16,39.5000,300,2
2026-04-17,600036,14:54:19,39.5100,381,1
2026-04-17,600036,14:54:22,39.5000,84,2
2026-04-17,600036,14:54:25,39.5000,352,2
2026-04-17,600036,14:54:28,39.5100,43,1
2026-04-17,600036,14:54:31,39.5000,509,2
2026-04-17,600036,14:54:34,39.5100,162,1
2026-04-17,600036,14:54:37,39.5100,94,1
2026-04-17,600036,14:54:40,39.5100,115,1
2026-04-17,600036,14:54:43,39.5100,189,1
2026-04-17,600036,14:54:46,39.5100,221,1
2026-04-17,600036,14:54:49,39.5100,72,1
2026-04-17,600036,14:54:52,39.5100,449,1
2026-04-17,600036,14:54:55,39.5100,76,1
2026-04-17,600036,14:54:58,39.5100,78,1
2026-04-17,600036,14:55:01,39.5000,133,2
2026-04-17,600036,14:55:04,39.5100,319,1
2026-04-17,600036,14:55:07,39.5100,55,1
2026-04-17,600036,14:55:10,39.5100,46,1
2026-04-17,600036,14:55:13,39.5000,83,2
2026-04-17,600036,14:55:16,39.5100,340,1
2026-04-17,600036,14:55:19,39.5000,65,2
2026-04-17,600036,14:55:22,39.5100,120,1
2026-04-17,600036,14:55:25,39.5100,351,1
2026-04-17,600036,14:55:28,39.5100,181,1
2026-04-17,600036,14:55:31,39.5200,82,1
2026-04-17,600036,14:55:34,39.5200,112,1
2026-04-17,600036,14:55:37,39.5100,127,2
2026-04-17,600036,14:55:40,39.5100,64,2
2026-04-17,600036,14:55:43,39.5100,25,2
2026-04-17,600036,14:55:46,39.5200,610,1
2026-04-17,600036,14:55:49,39.5100,79,2
2026-04-17,600036,14:55:52,39.5100,43,2
2026-04-17,600036,14:55:55,39.5100,66,2
2026-04-17,600036,14:55:58,39.5100,19,2
2026-04-17,600036,14:56:01,39.5200,1005,1
2026-04-17,600036,14:56:04,39.5100,843,2
2026-04-17,600036,14:56:07,39.5200,90,1
2026-04-17,600036,14:56:10,39.5200,61,1
2026-04-17,600036,14:56:13,39.5200,33,1
2026-04-17,600036,14:56:16,39.5100,91,2
2026-04-17,600036,14:56:19,39.5200,183,1
2026-04-17,600036,14:56:22,39.5200,230,1
2026-04-17,600036,14:56:25,39.5100,208,2
2026-04-17,600036,14:56:28,39.5100,201,2
2026-04-17,600036,14:56:31,39.5100,349,2
2026-04-17,600036,14:56:34,39.5100,171,2
2026-04-17,600036,14:56:37,39.5100,166,2
2026-04-17,600036,14:56:40,39.5100,257,2
2026-04-17,600036,14:56:43,39.5100,258,2
2026-04-17,600036,14:56:46,39.5100,240,2
2026-04-17,600036,14:56:49,39.5200,361,1
2026-04-17,600036,14:56:52,39.5200,108,1
2026-04-17,600036,14:56:55,39.5100,81,2
2026-04-17,600036,14:56:58,39.5100,40,2
2026-04-17,600036,14:57:01,39.5200,115,1
2026-04-17,600036,15:00:02,39.5200,11382,4
2026-04-17,600036,13:15:34,39.6400,223,2
2026-04-17,600036,13:15:37,39.6400,108,2
2026-04-17,600036,13:15:40,39.6500,307,1
2026-04-17,600036,13:15:43,39.6400,37,2
2026-04-17,600036,13:15:46,39.6400,223,2
2026-04-17,600036,13:15:49,39.6400,82,2
2026-04-17,600036,13:15:52,39.6500,27,1
2026-04-17,600036,13:15:55,39.6500,29,1
2026-04-17,600036,13:15:58,39.6400,149,2
2026-04-17,600036,13:16:01,39.6500,169,1
2026-04-17,600036,13:16:04,39.6300,143,2
2026-04-17,600036,13:16:07,39.6300,151,2
2026-04-17,600036,13:16:10,39.6300,35,2
2026-04-17,600036,13:16:13,39.6300,30,2
2026-04-17,600036,13:16:16,39.6300,2,2
2026-04-17,600036,13:16:19,39.6300,25,2
2026-04-17,600036,13:16:22,39.6300,39,2
2026-04-17,600036,13:16:25,39.6400,98,1
2026-04-17,600036,13:16:28,39.6400,30,1
2026-04-17,600036,13:16:31,39.6300,34,2
2026-04-17,600036,13:16:34,39.6300,59,2
2026-04-17,600036,13:16:37,39.6400,274,1
2026-04-17,600036,13:16:40,39.6400,18,1
2026-04-17,600036,13:16:43,39.6300,105,2
2026-04-17,600036,13:16:46,39.6400,62,1
2026-04-17,600036,13:16:49,39.6400,91,1
2026-04-17,600036,13:16:52,39.6300,46,2
2026-04-17,600036,13:16:55,39.6300,2,2
2026-04-17,600036,13:16:58,39.6300,78,2
2026-04-17,600036,13:17:01,39.6400,129,1
2026-04-17,600036,13:17:04,39.6300,53,2
2026-04-17,600036,13:17:07,39.6300,67,2
2026-04-17,600036,13:17:10,39.6400,77,1
2026-04-17,600036,13:17:13,39.6400,3,1
2026-04-17,600036,13:17:16,39.6400,152,1
2026-04-17,600036,13:17:19,39.6400,2,1
2026-04-17,600036,13:17:22,39.6300,34,2
2026-04-17,600036,13:17:25,39.6400,122,1
2026-04-17,600036,13:17:28,39.6300,69,2
2026-04-17,600036,13:17:31,39.6400,161,1
2026-04-17,600036,13:17:34,39.6300,46,2
2026-04-17,600036,13:17:37,39.6400,1,1
2026-04-17,600036,13:17:40,39.6300,66,2
2026-04-17,600036,13:17:43,39.6400,17,1
2026-04-17,600036,13:17:46,39.6300,13,2
2026-04-17,600036,13:17:49,39.6300,8,2
2026-04-17,600036,13:17:52,39.6300,37,2
2026-04-17,600036,13:17:55,39.6400,10,1
2026-04-17,600036,13:17:58,39.6300,9,2
2026-04-17,600036,13:18:01,39.6300,20,2
2026-04-17,600036,13:18:04,39.6300,93,2
2026-04-17,600036,13:18:07,39.6400,132,1
2026-04-17,600036,13:18:10,39.6300,89,2
2026-04-17,600036,13:18:13,39.6400,77,1
2026-04-17,600036,13:18:16,39.6300,11,2
2026-04-17,600036,13:18:19,39.6400,109,1
2026-04-17,600036,13:18:22,39.6400,12,1
2026-04-17,600036,13:18:25,39.6400,100,1
2026-04-17,600036,13:18:28,39.6400,15,1
2026-04-17,600036,13:18:31,39.6400,6,1
2026-04-17,600036,13:18:34,39.6400,22,1
2026-04-17,600036,13:18:37,39.6400,4,1
2026-04-17,600036,13:18:40,39.6400,96,1
2026-04-17,600036,13:18:43,39.6300,183,2
2026-04-17,600036,13:18:46,39.6400,142,1
2026-04-17,600036,13:18:49,39.6400,108,1
2026-04-17,600036,13:18:52,39.6400,83,1
2026-04-17,600036,13:18:55,39.6400,48,1
2026-04-17,600036,13:18:58,39.6400,79,1
2026-04-17,600036,13:19:01,39.6400,900,1
2026-04-17,600036,13:19:04,39.6600,302,1
2026-04-17,600036,13:19:07,39.6600,22,2
2026-04-17,600036,13:19:10,39.6700,25,1
2026-04-17,600036,13:19:13,39.6700,133,1
2026-04-17,600036,13:19:16,39.6600,189,2
2026-04-17,600036,13:19:19,39.6600,113,2
2026-04-17,600036,13:19:22,39.6600,68,2
2026-04-17,600036,13:19:25,39.6600,15,1
2026-04-17,600036,13:19:28,39.6500,13,2
2026-04-17,600036,13:19:31,39.6600,33,1
2026-04-17,600036,13:19:34,39.6600,20,1
2026-04-17,600036,13:19:37,39.6600,21,1
2026-04-17,600036,13:19:40,39.6600,71,1
2026-04-17,600036,13:19:46,39.6600,41,1
2026-04-17,600036,13:19:49,39.6600,79,1
2026-04-17,600036,13:19:52,39.6600,22,1
2026-04-17,600036,13:19:55,39.6500,120,2
2026-04-17,600036,13:19:58,39.6600,15,1
2026-04-17,600036,13:20:04,39.6500,3,2
2026-04-17,600036,13:20:07,39.6500,28,2
2026-04-17,600036,13:20:10,39.6500,59,2
2026-04-17,600036,13:20:13,39.6500,100,2
2026-04-17,600036,13:20:19,39.6500,27,2
2026-04-17,600036,13:20:22,39.6500,68,2
2026-04-17,600036,13:20:25,39.6500,69,2
2026-04-17,600036,13:20:28,39.6500,6,2
2026-04-17,600036,13:20:31,39.6400,181,2
2026-04-17,600036,13:20:34,39.6500,80,1
2026-04-17,600036,13:20:37,39.6500,59,1
2026-04-17,600036,13:20:40,39.6500,10,1
2026-04-17,600036,13:20:43,39.6400,14,2
2026-04-17,600036,13:20:46,39.6400,91,2
2026-04-17,600036,13:20:49,39.6400,30,2
2026-04-17,600036,13:20:52,39.6500,71,1
2026-04-17,600036,13:20:55,39.6400,29,2
2026-04-17,600036,13:20:58,39.6500,21,1
2026-04-17,600036,13:21:04,39.6400,59,2
2026-04-17,600036,13:21:07,39.6500,375,1
2026-04-17,600036,13:21:10,39.6500,125,1
2026-04-17,600036,13:21:13,39.6500,83,1
2026-04-17,600036,13:21:16,39.6500,21,1
2026-04-17,600036,13:21:19,39.6500,150,1
2026-04-17,600036,13:21:22,39.6500,25,1
2026-04-17,600036,13:21:25,39.6500,35,1
2026-04-17,600036,13:21:28,39.6500,19,1
2026-04-17,600036,13:21:31,39.6500,3,1
2026-04-17,600036,13:21:34,39.6400,33,2
2026-04-17,600036,13:21:37,39.6500,108,1
2026-04-17,600036,13:21:40,39.6500,21,1
2026-04-17,600036,13:21:43,39.6500,57,1
2026-04-17,600036,13:21:46,39.6500,88,1
2026-04-17,600036,13:21:49,39.6500,164,2
2026-04-17,600036,13:21:52,39.6600,1,1
2026-04-17,600036,13:21:55,39.6500,64,2
2026-04-17,600036,13:21:58,39.6500,5,2
2026-04-17,600036,13:22:01,39.6500,38,2
2026-04-17,600036,13:22:04,39.6500,37,2
2026-04-17,600036,13:22:07,39.6600,59,1
2026-04-17,600036,13:22:10,39.6500,25,2
2026-04-17,600036,13:22:13,39.6500,2,2
2026-04-17,600036,13:22:16,39.6500,23,2
2026-04-17,600036,13:22:19,39.6500,45,2
2026-04-17,600036,13:22:22,39.6600,114,1
2026-04-17,600036,13:22:25,39.6600,77,1
2026-04-17,600036,13:22:28,39.6600,46,1
2026-04-17,600036,13:22:31,39.6600,224,1
2026-04-17,600036,13:22:34,39.6500,101,2
2026-04-17,600036,13:22:37,39.6500,75,2
2026-04-17,600036,13:22:40,39.6600,205,1
2026-04-17,600036,13:22:43,39.6500,141,2
2026-04-17,600036,13:22:46,39.6600,183,1
2026-04-17,600036,13:22:49,39.6600,136,1
2026-04-17,600036,13:22:52,39.6600,56,1
2026-04-17,600036,13:22:55,39.6600,24,1
2026-04-17,600036,13:22:58,39.6500,121,2
2026-04-17,600036,13:23:01,39.6600,28,1
2026-04-17,600036,13:23:04,39.6600,7,2
2026-04-17,600036,13:23:07,39.6600,52,2
2026-04-17,600036,13:23:13,39.6700,134,1
2026-04-17,600036,13:23:16,39.6700,1,1
2026-04-17,600036,13:23:19,39.6600,3,2
2026-04-17,600036,13:23:22,39.6600,32,2
2026-04-17,600036,13:23:25,39.6600,39,2
2026-04-17,600036,13:23:34,39.6600,214,2
2026-04-17,600036,13:23:37,39.6600,19,2
2026-04-17,600036,13:23:40,39.6700,11,1
2026-04-17,600036,13:23:43,39.6600,38,2
2026-04-17,600036,13:23:46,39.6600,24,2
2026-04-17,600036,13:23:49,39.6600,693,2
2026-04-17,600036,13:23:52,39.6500,131,2
2026-04-17,600036,13:23:55,39.6500,123,2
2026-04-17,600036,13:23:58,39.6600,118,1
2026-04-17,600036,13:24:01,39.6500,118,2
2026-04-17,600036,13:24:04,39.6500,74,2
2026-04-17,600036,13:24:07,39.6500,73,2
2026-04-17,600036,13:24:10,39.6500,56,2
2026-04-17,600036,13:24:13,39.6500,135,2
2026-04-17,600036,13:24:16,39.6600,2,1
2026-04-17,600036,13:24:19,39.6500,119,2
2026-04-17,600036,13:24:22,39.6500,93,2
2026-04-17,600036,13:24:25,39.6500,20,2
2026-04-17,600036,13:24:28,39.6500,51,2
2026-04-17,600036,13:24:34,39.6500,38,2
2026-04-17,600036,13:24:37,39.6500,3,2
2026-04-17,600036,13:24:40,39.6500,4,2
2026-04-17,600036,13:24:43,39.6500,9,2
2026-04-17,600036,13:24:46,39.6500,96,2
2026-04-17,600036,13:24:49,39.6600,1,1
2026-04-17,600036,13:24:52,39.6500,206,2
2026-04-17,600036,13:24:55,39.6500,117,2
2026-04-17,600036,13:24:58,39.6500,50,2
2026-04-17,600036,13:25:01,39.6600,26,1
2026-04-17,600036,13:25:04,39.6500,155,2
2026-04-17,600036,13:25:07,39.6600,19,1
2026-04-17,600036,13:25:10,39.6600,1,1
2026-04-17,600036,13:25:13,39.6500,121,2
2026-04-17,600036,13:25:16,39.6600,47,1
2026-04-17,600036,13:25:19,39.6600,4,1
2026-04-17,600036,13:25:22,39.6600,115,1
2026-04-17,600036,13:25:25,39.6500,42,2
2026-04-17,600036,13:25:28,39.6500,147,2
2026-04-17,600036,13:25:31,39.6500,65,2
2026-04-17,600036,13:25:34,39.6600,9,1
2026-04-17,600036,13:25:37,39.6500,21,2
2026-04-17,600036,13:25:40,39.6500,13,2
2026-04-17,600036,13:25:43,39.6600,19,1
2026-04-17,600036,13:25:46,39.6500,15,2
2026-04-17,600036,13:25:49,39.6600,66,1
2026-04-17,600036,13:25:52,39.6500,6,2
2026-04-17,600036,13:25:55,39.6500,74,2
2026-04-17,600036,13:25:58,39.6500,78,2
2026-04-17,600036,13:26:01,39.6500,1,2
2026-04-17,600036,13:26:04,39.6500,103,2
2026-04-17,600036,13:26:07,39.6600,316,1
2026-04-17,600036,13:26:10,39.6500,55,2
2026-04-17,600036,13:26:13,39.6400,1353,2
2026-04-17,600036,13:26:16,39.6400,588,2
2026-04-17,600036,13:26:19,39.6500,108,1
2026-04-17,600036,13:26:22,39.6400,164,2
2026-04-17,600036,13:26:25,39.6500,46,1
2026-04-17,600036,13:26:28,39.6400,12,2
2026-04-17,600036,13:26:31,39.6400,51,2
2026-04-17,600036,13:26:34,39.6400,32,2
2026-04-17,600036,13:26:37,39.6400,44,2
2026-04-17,600036,13:26:40,39.6400,55,2
2026-04-17,600036,13:26:46,39.6400,103,2
2026-04-17,600036,13:26:49,39.6400,94,2
2026-04-17,600036,13:26:52,39.6500,25,1
2026-04-17,600036,13:26:55,39.6400,36,2
2026-04-17,600036,13:26:58,39.6400,85,2
2026-04-17,600036,13:27:01,39.6400,80,2
2026-04-17,600036,13:27:04,39.6300,75,2
2026-04-17,600036,13:27:07,39.6300,67,2
2026-04-17,600036,13:27:10,39.6400,73,1
2026-04-17,600036,13:27:16,39.6300,5,2
2026-04-17,600036,13:27:19,39.6300,48,2
2026-04-17,600036,13:27:22,39.6300,7,2
2026-04-17,600036,13:27:25,39.6400,1,1
2026-04-17,600036,13:27:28,39.6400,59,1
2026-04-17,600036,13:27:31,39.6300,2,2
2026-04-17,600036,13:27:34,39.6400,182,1
2026-04-17,600036,13:27:37,39.6300,11,2
2026-04-17,600036,13:27:40,39.6300,20,2
2026-04-17,600036,13:27:43,39.6400,9,1
2026-04-17,600036,13:27:46,39.6300,28,2
2026-04-17,600036,13:27:49,39.6400,16,1
2026-04-17,600036,13:27:52,39.6300,5,2
2026-04-17,600036,13:27:55,39.6300,12,2
2026-04-17,600036,13:27:58,39.6300,21,2
2026-04-17,600036,13:28:01,39.6300,77,2
2026-04-17,600036,13:28:04,39.6300,99,2
2026-04-17,600036,13:28:07,39.6300,918,2
2026-04-17,600036,13:28:10,39.6300,2512,2
2026-04-17,600036,13:28:13,39.6300,66,2
2026-04-17,600036,13:28:16,39.6300,10,2
2026-04-17,600036,13:28:19,39.6300,2,2
2026-04-17,600036,13:28:22,39.6300,71,2
2026-04-17,600036,13:28:25,39.6300,87,2
2026-04-17,600036,13:28:28,39.6300,19,2
2026-04-17,600036,13:28:31,39.6300,24,2
2026-04-17,600036,13:28:34,39.6300,20,2
2026-04-17,600036,13:28:37,39.6400,13,1
2026-04-17,600036,13:28:40,39.6400,11,1
2026-04-17,600036,13:28:43,39.6300,54,2
2026-04-17,600036,13:28:46,39.6300,16,2
2026-04-17,600036,13:28:49,39.6300,3,2
2026-04-17,600036,13:28:52,39.6300,28,2
2026-04-17,600036,13:28:55,39.6400,8,1
2026-04-17,600036,13:28:58,39.6400,8,1
2026-04-17,600036,13:29:01,39.6400,185,1
2026-04-17,600036,13:29:04,39.6300,8,2
2026-04-17,600036,13:29:07,39.6300,156,2
2026-04-17,600036,13:29:10,39.6300,10,2
2026-04-17,600036,13:29:13,39.6300,120,2
2026-04-17,600036,13:29:16,39.6300,28,2
2026-04-17,600036,13:29:22,39.6300,23,2
2026-04-17,600036,13:29:25,39.6300,61,2
2026-04-17,600036,13:29:28,39.6300,90,1
2026-04-17,600036,13:29:31,39.6300,189,1
2026-04-17,600036,13:29:34,39.6200,173,2
2026-04-17,600036,13:29:37,39.6200,188,2
2026-04-17,600036,13:29:40,39.6300,131,1
2026-04-17,600036,13:29:43,39.6200,25,2
2026-04-17,600036,13:29:46,39.6200,92,2
2026-04-17,600036,13:29:49,39.6300,48,1
2026-04-17,600036,13:29:52,39.6200,11,2
2026-04-17,600036,13:29:55,39.6200,2620,2
2026-04-17,600036,13:29:58,39.6100,114,2
2026-04-17,600036,13:30:01,39.6100,312,2
2026-04-17,600036,13:30:04,39.6200,356,1
2026-04-17,600036,13:30:07,39.6100,207,2
2026-04-17,600036,13:30:10,39.6100,96,2
2026-04-17,600036,13:30:13,39.6100,182,2
2026-04-17,600036,13:30:16,39.6000,113,2
2026-04-17,600036,13:30:19,39.6200,128,1
2026-04-17,600036,13:30:22,39.6100,2434,2
2026-04-17,600036,13:30:25,39.6100,161,1
2026-04-17,600036,13:30:28,39.6100,83,1
2026-04-17,600036,13:30:31,39.6000,79,2
2026-04-17,600036,13:30:34,39.6000,147,2
2026-04-17,600036,13:30:37,39.6100,74,1
2026-04-17,600036,13:30:40,39.6000,123,2
2026-04-17,600036,13:30:43,39.6000,98,2
2026-04-17,600036,13:30:49,39.6000,1397,2
2026-04-17,600036,13:30:52,39.6000,6,2
2026-04-17,600036,13:30:55,39.6100,45,1
2026-04-17,600036,13:30:58,39.6000,60,2
2026-04-17,600036,13:31:01,39.6100,337,1
2026-04-17,600036,13:31:04,39.6200,201,1
2026-04-17,600036,13:31:07,39.6100,11,2
2026-04-17,600036,13:31:10,39.6100,74,2
2026-04-17,600036,13:31:13,39.6100,5,2
2026-04-17,600036,13:31:16,39.6100,41,2
2026-04-17,600036,13:31:19,39.6100,400,2
2026-04-17,600036,13:31:22,39.6100,41,2
2026-04-17,600036,13:31:25,39.6100,161,2
2026-04-17,600036,13:31:28,39.6100,9,2
2026-04-17,600036,13:31:31,39.6100,24,2
2026-04-17,600036,13:31:34,39.6100,51,2
2026-04-17,600036,13:31:37,39.6100,1,2
2026-04-17,600036,13:31:40,39.6100,1,2
2026-04-17,600036,13:31:43,39.6100,190,2
2026-04-17,600036,13:31:46,39.6100,289,2
2026-04-17,600036,13:31:49,39.6100,8,2
2026-04-17,600036,13:31:52,39.6100,124,2
2026-04-17,600036,13:31:55,39.6100,44,2
2026-04-17,600036,13:31:58,39.6100,42,2
2026-04-17,600036,13:32:01,39.6100,4,2
2026-04-17,600036,13:32:04,39.6100,115,2
2026-04-17,600036,13:32:07,39.6200,78,1
2026-04-17,600036,13:32:10,39.6100,39,2
2026-04-17,600036,13:32:13,39.6100,41,1
2026-04-17,600036,13:32:16,39.6100,634,1
2026-04-17,600036,13:32:19,39.6100,81,1
2026-04-17,600036,13:32:22,39.6000,84,2
2026-04-17,600036,13:32:25,39.6000,43,2
2026-04-17,600036,13:32:28,39.6000,1,2
2026-04-17,600036,13:32:31,39.6100,64,1
2026-04-17,600036,13:32:34,39.6100,27,1
2026-04-17,600036,13:32:37,39.6000,11,2
2026-04-17,600036,13:32:40,39.6100,172,1
2026-04-17,600036,13:32:43,39.6100,154,1
2026-04-17,600036,13:32:46,39.6100,55,1
2026-04-17,600036,13:32:49,39.6000,64,2
2026-04-17,600036,13:32:52,39.6100,93,1
2026-04-17,600036,13:32:55,39.6100,183,1
2026-04-17,600036,13:32:58,39.6200,3,1
2026-04-17,600036,13:33:01,39.6100,22,2
2026-04-17,600036,13:33:04,39.6100,37,2
2026-04-17,600036,13:33:07,39.6100,45,2
2026-04-17,600036,13:33:13,39.6200,127,1
2026-04-17,600036,13:33:16,39.6100,53,2
2026-04-17,600036,13:33:19,39.6100,21,2
2026-04-17,600036,13:33:22,39.6100,65,2
2026-04-17,600036,13:33:25,39.6100,34,2
2026-04-17,600036,13:33:28,39.6100,38,2
2026-04-17,600036,13:33:31,39.6100,31,2
2026-04-17,600036,13:33:34,39.6100,13,2
2026-04-17,600036,13:33:37,39.6200,57,1
2026-04-17,600036,13:33:40,39.6100,4,2
2026-04-17,600036,13:33:43,39.6100,7,2
2026-04-17,600036,13:33:46,39.6100,323,2
2026-04-17,600036,13:33:49,39.6100,18,2
2026-04-17,600036,13:33:52,39.6200,21,1
2026-04-17,600036,13:33:55,39.6200,1,1
2026-04-17,600036,13:33:58,39.6100,41,2
2026-04-17,600036,13:34:01,39.6100,1,2
2026-04-17,600036,13:34:04,39.6100,58,2
2026-04-17,600036,13:34:07,39.6000,253,2
2026-04-17,600036,13:34:10,39.6100,2,4
2026-04-17,600036,13:34:13,39.6200,5,1
2026-04-17,600036,13:34:16,39.6100,2,2
2026-04-17,600036,13:34:19,39.6200,2,1
2026-04-17,600036,13:34:22,39.6100,33,2
2026-04-17,600036,13:34:25,39.6100,42,2
2026-04-17,600036,13:34:28,39.6100,62,2
2026-04-17,600036,13:34:31,39.6200,21,1
2026-04-17,600036,13:34:34,39.6200,99,1
2026-04-17,600036,13:34:37,39.6100,23,2
2026-04-17,600036,13:34:40,39.6200,5,1
2026-04-17,600036,13:34:43,39.6100,53,2
2026-04-17,600036,13:34:46,39.6200,39,1
2026-04-17,600036,13:34:49,39.6200,7,1
2026-04-17,600036,13:34:52,39.6100,45,2
2026-04-17,600036,13:34:55,39.6100,33,2
2026-04-17,600036,13:34:58,39.6200,49,1
2026-04-17,600036,13:35:01,39.6100,37,2
2026-04-17,600036,13:35:04,39.6100,38,2
2026-04-17,600036,13:35:07,39.6100,83,2
2026-04-17,600036,13:35:10,39.6200,12,1
2026-04-17,600036,13:35:13,39.6100,3,2
2026-04-17,600036,13:35:16,39.6200,61,1
2026-04-17,600036,13:35:19,39.6200,28,1
2026-04-17,600036,13:35:22,39.6200,10,1
2026-04-17,600036,13:35:25,39.6100,3,2
2026-04-17,600036,13:35:28,39.6100,158,2
2026-04-17,600036,13:35:31,39.6100,21,2
2026-04-17,600036,13:35:34,39.6200,23,1
2026-04-17,600036,13:35:37,39.6100,28,2
2026-04-17,600036,13:35:43,39.6100,24,2
2026-04-17,600036,13:35:46,39.6200,192,1
2026-04-17,600036,13:35:49,39.6100,193,2
2026-04-17,600036,13:35:52,39.6100,19,2
2026-04-17,600036,13:35:55,39.6100,86,2
2026-04-17,600036,13:35:58,39.6100,137,2
2026-04-17,600036,13:36:01,39.6200,126,1
2026-04-17,600036,13:36:04,39.6100,190,2
2026-04-17,600036,13:36:07,39.6100,206,2
2026-04-17,600036,13:36:10,39.6100,67,2
2026-04-17,600036,13:36:13,39.6000,15,2
2026-04-17,600036,13:36:16,39.6000,563,2
2026-04-17,600036,13:36:19,39.6000,1208,2
2026-04-17,600036,13:36:22,39.6000,43,2
2026-04-17,600036,13:36:25,39.6000,43,2
2026-04-17,600036,13:36:28,39.6000,1,2
2026-04-17,600036,13:36:31,39.5900,1145,2
2026-04-17,600036,13:36:34,39.5900,194,2
2026-04-17,600036,13:36:37,39.5900,354,2
2026-04-17,600036,13:36:40,39.5900,653,2
2026-04-17,600036,13:36:43,39.5900,73,1
2026-04-17,600036,13:36:46,39.5900,26,1
2026-04-17,600036,13:36:49,39.5800,18,2
2026-04-17,600036,13:36:52,39.5900,365,1
2026-04-17,600036,13:36:55,39.5900,47,1
2026-04-17,600036,13:36:58,39.5900,29,1
2026-04-17,600036,13:37:01,39.5800,58,2
2026-04-17,600036,13:37:04,39.5800,109,2
2026-04-17,600036,13:37:07,39.5800,15,2
2026-04-17,600036,13:37:10,39.5800,794,2
2026-04-17,600036,13:37:13,39.5900,92,1
2026-04-17,600036,13:37:16,39.5900,220,1
2026-04-17,600036,13:37:19,39.5800,48,2
2026-04-17,600036,13:37:22,39.5900,84,1
2026-04-17,600036,13:37:25,39.5900,42,1
2026-04-17,600036,13:37:28,39.5900,134,1
2026-04-17,600036,13:37:31,39.5900,16,1
2026-04-17,600036,13:37:34,39.5900,6,1
2026-04-17,600036,13:37:37,39.5800,1188,2
2026-04-17,600036,13:37:40,39.5900,81,1
2026-04-17,600036,13:37:43,39.5900,198,1
2026-04-17,600036,13:37:46,39.5800,28,2
2026-04-17,600036,13:37:49,39.5800,13,2
2026-04-17,600036,13:37:52,39.5900,39,1
2026-04-17,600036,13:37:55,39.5900,13,1
2026-04-17,600036,13:37:58,39.5900,45,1
2026-04-17,600036,13:38:01,39.5900,179,1
2026-04-17,600036,13:38:04,39.5800,777,2
2026-04-17,600036,13:38:07,39.5900,71,1
2026-04-17,600036,13:38:10,39.5900,25,1
2026-04-17,600036,13:38:13,39.5900,395,1
2026-04-17,600036,13:38:16,39.5900,351,1
2026-04-17,600036,13:38:19,39.5900,2,2
2026-04-17,600036,13:38:25,39.5900,743,2
2026-04-17,600036,13:38:28,39.5900,158,2
2026-04-17,600036,13:38:31,39.5900,100,1
2026-04-17,600036,13:38:34,39.5900,85,1
2026-04-17,600036,13:38:37,39.5900,139,1
2026-04-17,600036,13:38:40,39.5900,52,1
2026-04-17,600036,13:38:43,39.5900,55,1
2026-04-17,600036,13:38:46,39.5900,88,1
2026-04-17,600036,13:38:49,39.5900,13,1
2026-04-17,600036,13:38:52,39.5900,80,1
2026-04-17,600036,13:38:55,39.5900,92,1
2026-04-17,600036,13:38:58,39.5900,8,1
2026-04-17,600036,13:39:01,39.5800,27,2
2026-04-17,600036,13:39:04,39.5800,21,2
2026-04-17,600036,13:39:07,39.5800,69,2
2026-04-17,600036,13:39:10,39.5900,5,1
2026-04-17,600036,13:39:13,39.5800,12,2
2026-04-17,600036,13:39:16,39.5800,206,2
2026-04-17,600036,13:39:19,39.5800,1,2
2026-04-17,600036,13:39:22,39.5900,5,1
2026-04-17,600036,13:39:25,39.5900,89,1
2026-04-17,600036,13:39:28,39.5800,12,2
2026-04-17,600036,13:39:31,39.5900,85,1
2026-04-17,600036,13:39:34,39.5800,15,2
2026-04-17,600036,13:39:37,39.5800,51,2
2026-04-17,600036,13:39:40,39.5800,10,2
2026-04-17,600036,13:39:43,39.5900,87,1
2026-04-17,600036,13:39:46,39.5900,165,1
2026-04-17,600036,13:39:49,39.5900,5,1
2026-04-17,600036,13:39:52,39.5900,43,1
2026-04-17,600036,13:39:55,39.5800,181,2
2026-04-17,600036,13:39:58,39.5900,1389,1
2026-04-17,600036,13:40:01,39.5800,191,2
2026-04-17,600036,13:40:04,39.5700,149,2
2026-04-17,600036,13:40:07,39.5800,37,4
2026-04-17,600036,13:40:10,39.5800,4,4
2026-04-17,600036,13:40:13,39.5800,90,1
2026-04-17,600036,13:40:16,39.5700,49,2
2026-04-17,600036,13:40:19,39.5800,47,1
2026-04-17,600036,13:40:22,39.5800,168,1
2026-04-17,600036,13:40:25,39.5800,21,1
2026-04-17,600036,13:40:28,39.5800,22,2
2026-04-17,600036,13:40:31,39.5800,78,1
2026-04-17,600036,13:40:34,39.5800,28,1
2026-04-17,600036,13:40:37,39.5800,72,1
2026-04-17,600036,13:40:40,39.5800,115,1
2026-04-17,600036,13:40:43,39.5800,18,1
2026-04-17,600036,13:40:46,39.5800,20,1
2026-04-17,600036,13:40:49,39.5700,41,2
2026-04-17,600036,13:40:52,39.5800,2,1
2026-04-17,600036,13:40:55,39.5800,6,1
2026-04-17,600036,13:40:58,39.5700,406,2
2026-04-17,600036,13:41:01,39.5800,108,1
2026-04-17,600036,13:41:04,39.5800,143,1
2026-04-17,600036,13:41:07,39.5800,11,4
2026-04-17,600036,13:41:10,39.5800,93,1
2026-04-17,600036,13:41:13,39.5800,44,1
2026-04-17,600036,13:41:16,39.5800,223,2
2026-04-17,600036,13:41:19,39.5900,81,1
2026-04-17,600036,13:41:22,39.5900,37,1
2026-04-17,600036,13:41:25,39.5800,24,2
2026-04-17,600036,13:41:28,39.5800,21,2
2026-04-17,600036,13:41:31,39.5900,87,1
2026-04-17,600036,13:41:34,39.5800,38,2
2026-04-17,600036,13:41:37,39.5800,15,2
2026-04-17,600036,13:41:40,39.5800,27,2
2026-04-17,600036,13:41:43,39.5900,3,1
2026-04-17,600036,13:41:46,39.5800,128,2
2026-04-17,600036,13:41:49,39.5900,9,1
2026-04-17,600036,13:41:52,39.5900,10,1
2026-04-17,600036,13:41:55,39.5900,5,1
2026-04-17,600036,13:41:58,39.5800,26,2
2026-04-17,600036,13:42:01,39.5800,47,2
2026-04-17,600036,13:42:04,39.5800,32,2
2026-04-17,600036,13:42:07,39.5900,17,1
2026-04-17,600036,13:42:10,39.5800,1402,2
2026-04-17,600036,13:42:13,39.5800,37,1
2026-04-17,600036,13:42:16,39.5700,58,2
2026-04-17,600036,13:42:19,39.5800,67,1
2026-04-17,600036,13:42:22,39.5700,204,2
2026-04-17,600036,13:42:25,39.5800,128,1
2026-04-17,600036,13:42:28,39.5700,116,2
2026-04-17,600036,13:42:31,39.5800,62,1
2026-04-17,600036,13:42:34,39.5700,62,2
2026-04-17,600036,13:42:40,39.5700,84,2
2026-04-17,600036,13:42:43,39.5800,60,1
2026-04-17,600036,13:42:46,39.5800,15,1
2026-04-17,600036,13:42:49,39.5700,67,2
2026-04-17,600036,13:42:52,39.5800,12,1
2026-04-17,600036,13:42:55,39.5700,16,2
2026-04-17,600036,13:42:58,39.5700,16,2
2026-04-17,600036,13:43:01,39.5800,751,1
2026-04-17,600036,13:43:04,39.5900,144,1
2026-04-17,600036,13:43:07,39.6000,326,1
2026-04-17,600036,13:43:10,39.6000,98,1
2026-04-17,600036,13:43:13,39.5900,37,2
2026-04-17,600036,13:43:19,39.6000,60,1
2026-04-17,600036,13:43:22,39.6000,62,1
2026-04-17,600036,13:43:25,39.5900,46,2
2026-04-17,600036,13:43:28,39.6000,14,1
2026-04-17,600036,13:43:31,39.6000,13,1
2026-04-17,600036,13:43:34,39.5900,8,2
2026-04-17,600036,13:43:37,39.6000,1,1
2026-04-17,600036,13:43:40,39.6000,10,1
2026-04-17,600036,13:43:43,39.5900,123,2
2026-04-17,600036,13:43:46,39.6000,48,1
2026-04-17,600036,13:43:49,39.6000,20,1
2026-04-17,600036,13:43:52,39.5900,6,2
2026-04-17,600036,13:43:55,39.6000,80,1
2026-04-17,600036,13:43:58,39.6000,3,1
2026-04-17,600036,13:44:01,39.5900,97,2
2026-04-17,600036,13:44:04,39.5900,363,2
2026-04-17,600036,13:44:07,39.5900,194,2
2026-04-17,600036,13:44:10,39.5800,77,2
2026-04-17,600036,13:44:13,39.5900,46,1
2026-04-17,600036,13:44:16,39.5900,11,1
2026-04-17,600036,13:44:19,39.5800,116,2
2026-04-17,600036,13:44:22,39.5800,40,2
2026-04-17,600036,13:44:25,39.5900,98,1
2026-04-17,600036,13:44:28,39.5800,1,2
2026-04-17,600036,13:44:31,39.5800,43,2
2026-04-17,600036,13:44:34,39.5800,40,2
2026-04-17,600036,13:44:37,39.5800,65,2
2026-04-17,600036,13:44:40,39.5900,97,1
2026-04-17,600036,13:44:43,39.5900,90,1
2026-04-17,600036,13:44:46,39.6000,693,1
2026-04-17,600036,13:44:49,39.6100,151,1
2026-04-17,600036,13:44:52,39.6200,49,1
2026-04-17,600036,13:44:55,39.6200,46,1
2026-04-17,600036,13:44:58,39.6200,13,1
2026-04-17,600036,13:45:01,39.6200,10,1
2026-04-17,600036,13:45:04,39.6100,92,2
2026-04-17,600036,13:45:07,39.6100,120,2
2026-04-17,600036,13:45:10,39.6200,5,1
2026-04-17,600036,13:45:13,39.6200,1,1
2026-04-17,600036,13:45:16,39.6200,213,1
2026-04-17,600036,13:45:19,39.6200,8,1
2026-04-17,600036,13:45:22,39.6200,62,1
2026-04-17,600036,13:45:25,39.6200,855,1
2026-04-17,600036,13:45:28,39.6200,6,1
2026-04-17,600036,13:45:31,39.6200,22,1
2026-04-17,600036,13:45:34,39.6200,33,1
2026-04-17,600036,13:45:37,39.6200,6,1
2026-04-17,600036,13:45:40,39.6200,9,1
2026-04-17,600036,13:45:43,39.6200,52,1
2026-04-17,600036,13:45:46,39.6200,3,1
2026-04-17,600036,13:45:49,39.6200,182,1
2026-04-17,600036,13:45:52,39.6200,26,1
2026-04-17,600036,13:45:55,39.6200,8,1
2026-04-17,600036,13:45:58,39.6200,7,1
2026-04-17,600036,13:46:01,39.6100,25,2
2026-04-17,600036,13:46:04,39.6100,21,2
2026-04-17,600036,13:46:07,39.6100,45,2
2026-04-17,600036,13:46:10,39.6200,19,1
2026-04-17,600036,13:46:13,39.6200,77,1
2026-04-17,600036,13:46:16,39.6100,2,2
2026-04-17,600036,13:46:19,39.6200,2,1
2026-04-17,600036,13:46:22,39.6100,4,2
2026-04-17,600036,13:46:25,39.6200,204,1
2026-04-17,600036,13:46:28,39.6200,8,1
2026-04-17,600036,13:46:31,39.6100,3093,2
2026-04-17,600036,13:46:34,39.6000,153,2
2026-04-17,600036,13:46:37,39.6100,158,1
2026-04-17,600036,13:46:40,39.6000,25,2
2026-04-17,600036,13:46:43,39.6000,32,2
2026-04-17,600036,13:46:46,39.6000,10,2
2026-04-17,600036,13:46:49,39.6000,44,2
2026-04-17,600036,13:46:55,39.6000,85,2
2026-04-17,600036,13:47:01,39.6100,18,1
2026-04-17,600036,13:47:04,39.6000,67,2
2026-04-17,600036,13:47:07,39.6100,2,1
2026-04-17,600036,13:47:10,39.6000,8,2
2026-04-17,600036,13:47:13,39.6000,29,2
2026-04-17,600036,13:47:16,39.6000,185,2
2026-04-17,600036,13:47:19,39.6100,45,1
2026-04-17,600036,13:47:22,39.6100,13,1
2026-04-17,600036,13:47:25,39.6000,23,2
2026-04-17,600036,13:47:28,39.6100,62,1
2026-04-17,600036,13:47:31,39.6100,33,1
2026-04-17,600036,13:47:34,39.6100,23,1
2026-04-17,600036,13:47:37,39.6100,15,1
2026-04-17,600036,13:47:40,39.6100,661,1
2026-04-17,600036,13:47:43,39.6000,40,1
2026-04-17,600036,13:47:46,39.6000,63,1
2026-04-17,600036,13:47:49,39.6000,34,1
2026-04-17,600036,13:47:52,39.5900,5,2
2026-04-17,600036,13:47:55,39.6000,43,1
2026-04-17,600036,13:47:58,39.5900,31,2
2026-04-17,600036,13:48:01,39.5900,124,2
2026-04-17,600036,13:48:04,39.6000,164,1
2026-04-17,600036,13:48:07,39.5900,188,2
2026-04-17,600036,13:48:10,39.5900,53,2
2026-04-17,600036,13:48:13,39.5900,51,2
2026-04-17,600036,13:48:16,39.6000,62,1
2026-04-17,600036,13:48:19,39.5900,13,2
2026-04-17,600036,13:48:22,39.5900,43,2
2026-04-17,600036,13:48:25,39.5900,21,2
2026-04-17,600036,13:48:28,39.6000,2,1
2026-04-17,600036,13:48:31,39.5900,3,2
2026-04-17,600036,13:48:34,39.6000,62,1
2026-04-17,600036,13:48:40,39.6000,4,1
2026-04-17,600036,13:48:43,39.5900,93,2
2026-04-17,600036,13:48:46,39.5900,157,2
2026-04-17,600036,13:48:49,39.5900,96,2
2026-04-17,600036,13:48:52,39.5900,23,2
2026-04-17,600036,13:48:55,39.5900,55,1
2026-04-17,600036,13:48:58,39.5900,10,1
2026-04-17,600036,13:49:01,39.5800,24,2
2026-04-17,600036,13:49:04,39.5800,158,2
2026-04-17,600036,13:49:07,39.5800,160,2
2026-04-17,600036,13:49:10,39.5800,635,2
2026-04-17,600036,13:49:13,39.5900,36,1
2026-04-17,600036,13:49:16,39.5900,29,1
2026-04-17,600036,13:49:19,39.5900,511,1
2026-04-17,600036,13:49:22,39.6000,180,1
2026-04-17,600036,13:49:25,39.6000,128,1
2026-04-17,600036,13:49:28,39.6000,19,2
2026-04-17,600036,13:49:31,39.5900,470,2
2026-04-17,600036,13:49:34,39.5900,211,2
2026-04-17,600036,13:49:37,39.5900,63,1
2026-04-17,600036,13:49:40,39.5900,121,1
2026-04-17,600036,13:49:43,39.5900,66,1
2026-04-17,600036,13:49:46,39.5900,1,2
2026-04-17,600036,13:49:49,39.6000,49,1
2026-04-17,600036,13:49:52,39.6000,95,1
2026-04-17,600036,13:49:55,39.6000,24,1
2026-04-17,600036,13:49:58,39.6000,20,1
2026-04-17,600036,13:50:01,39.6100,170,1
2026-04-17,600036,13:50:07,39.6000,108,2
2026-04-17,600036,13:50:10,39.6000,21,2
2026-04-17,600036,13:50:13,39.6000,442,2
2026-04-17,600036,13:50:16,39.6000,57,1
2026-04-17,600036,13:50:19,39.6000,63,1
2026-04-17,600036,13:50:22,39.6000,43,1
2026-04-17,600036,13:50:25,39.5900,14,2
2026-04-17,600036,13:50:28,39.5900,23,2
2026-04-17,600036,13:50:31,39.6000,63,1
2026-04-17,600036,13:50:34,39.6000,93,1
2026-04-17,600036,13:50:37,39.5900,90,2
2026-04-17,600036,13:50:40,39.6000,76,1
2026-04-17,600036,13:50:43,39.5900,6,2
2026-04-17,600036,13:50:46,39.5900,15,2
2026-04-17,600036,13:50:49,39.5900,30,2
2026-04-17,600036,13:50:52,39.5900,81,2
2026-04-17,600036,13:50:55,39.5800,388,2
2026-04-17,600036,13:50:58,39.5900,404,1
2026-04-17,600036,13:51:01,39.5800,521,2
2026-04-17,600036,13:51:04,39.5800,176,2
2026-04-17,600036,13:51:07,39.5900,583,1
2026-04-17,600036,13:51:10,39.5800,48,2
2026-04-17,600036,13:51:13,39.5800,27,2
2026-04-17,600036,13:51:16,39.5900,101,1
2026-04-17,600036,13:51:19,39.5800,45,2
2026-04-17,600036,13:51:22,39.5800,187,2
2026-04-17,600036,13:51:25,39.5800,153,2
2026-04-17,600036,13:51:28,39.5800,123,2
2026-04-17,600036,13:51:31,39.5900,83,1
2026-04-17,600036,13:51:34,39.5800,88,2
2026-04-17,600036,13:51:37,39.5800,9,2
2026-04-17,600036,13:51:40,39.5800,5,2
2026-04-17,600036,13:51:43,39.5900,10,1
2026-04-17,600036,13:51:46,39.6000,859,1
2026-04-17,600036,13:51:49,39.6000,396,1
2026-04-17,600036,13:51:52,39.6100,13,1
2026-04-17,600036,13:51:55,39.6000,594,2
2026-04-17,600036,13:51:58,39.6000,38,2
2026-04-17,600036,13:52:01,39.5900,54,2
2026-04-17,600036,13:52:04,39.5900,204,2
2026-04-17,600036,13:52:07,39.5900,124,2
2026-04-17,600036,13:52:10,39.6100,163,1
2026-04-17,600036,13:52:13,39.6000,43,2
2026-04-17,600036,13:52:16,39.6100,64,1
2026-04-17,600036,13:52:19,39.6000,131,2
2026-04-17,600036,13:52:22,39.5900,247,2
2026-04-17,600036,13:52:25,39.5900,26,2
2026-04-17,600036,13:52:28,39.5900,27,2
2026-04-17,600036,13:52:31,39.5900,14,2
2026-04-17,600036,13:52:34,39.6000,5,1
2026-04-17,600036,13:52:37,39.6100,657,1
2026-04-17,600036,13:52:40,39.6000,25,4
2026-04-17,600036,13:52:43,39.6100,268,1
2026-04-17,600036,13:52:46,39.6000,389,2
2026-04-17,600036,13:52:49,39.6000,221,2
2026-04-17,600036,13:52:52,39.6000,9,2
2026-04-17,600036,13:52:55,39.6000,119,2
2026-04-17,600036,13:52:58,39.5900,92,2
2026-04-17,600036,13:53:01,39.5900,161,2
2026-04-17,600036,13:53:04,39.6000,29,1
2026-04-17,600036,13:53:07,39.6000,50,1
2026-04-17,600036,13:53:10,39.6000,11,1
2026-04-17,600036,13:53:13,39.6000,16,1
2026-04-17,600036,13:53:16,39.6000,30,1
2026-04-17,600036,13:53:19,39.6000,117,1
2026-04-17,600036,13:53:22,39.6000,113,1
2026-04-17,600036,13:53:25,39.5900,18,2
2026-04-17,600036,13:53:28,39.5900,117,2
2026-04-17,600036,13:53:31,39.5900,154,1
2026-04-17,600036,13:53:34,39.6000,113,1
2026-04-17,600036,13:53:37,39.6000,32,1
2026-04-17,600036,13:53:40,39.5900,40,2
2026-04-17,600036,13:53:43,39.5900,22,2
2026-04-17,600036,13:53:46,39.5900,32,2
2026-04-17,600036,13:53:49,39.6000,644,1
2026-04-17,600036,13:53:52,39.5900,25,2
2026-04-17,600036,13:53:55,39.5900,45,2
2026-04-17,600036,13:53:58,39.6000,343,1
2026-04-17,600036,13:54:01,39.6100,331,1
2026-04-17,600036,13:54:04,39.6100,198,2
2026-04-17,600036,13:54:07,39.6100,118,2
2026-04-17,600036,13:54:10,39.6200,3,1
2026-04-17,600036,13:54:13,39.6200,40,1
2026-04-17,600036,13:54:16,39.6100,89,2
2026-04-17,600036,13:54:19,39.6200,6,1
2026-04-17,600036,13:54:22,39.6100,3,2
2026-04-17,600036,13:54:25,39.6100,117,2
2026-04-17,600036,13:54:28,39.6200,142,1
2026-04-17,600036,13:54:31,39.6200,7,1
2026-04-17,600036,13:54:34,39.6000,363,2
2026-04-17,600036,13:54:37,39.6200,3,1
2026-04-17,600036,13:54:40,39.6100,4,2
2026-04-17,600036,13:54:43,39.6200,71,1
2026-04-17,600036,13:54:46,39.6100,12,2
2026-04-17,600036,13:54:49,39.6200,3,1
2026-04-17,600036,13:54:52,39.6200,3,1
2026-04-17,600036,13:54:55,39.6200,85,1
2026-04-17,600036,13:54:58,39.6200,35,1
2026-04-17,600036,13:55:01,39.6200,214,1
2026-04-17,600036,13:55:04,39.6200,27,1
2026-04-17,600036,13:55:07,39.6100,48,2
2026-04-17,600036,13:55:10,39.6100,3,2
2026-04-17,600036,13:55:13,39.6200,120,1
2026-04-17,600036,13:55:16,39.6200,20,1
2026-04-17,600036,13:55:19,39.6200,120,1
2026-04-17,600036,13:55:22,39.6100,18,2
2026-04-17,600036,13:55:25,39.6100,163,2
2026-04-17,600036,13:55:28,39.6100,146,2
2026-04-17,600036,13:55:31,39.6200,19,1
2026-04-17,600036,13:55:34,39.6200,8,1
2026-04-17,600036,13:55:37,39.6100,26,2
2026-04-17,600036,13:55:40,39.6100,8,2
2026-04-17,600036,13:55:43,39.6100,12,2
2026-04-17,600036,13:55:46,39.6100,55,2
2026-04-17,600036,13:55:49,39.6200,7,1
2026-04-17,600036,13:55:52,39.6100,25,2
2026-04-17,600036,13:55:55,39.6100,36,2
2026-04-17,600036,13:56:01,39.6100,255,2
2026-04-17,600036,13:56:04,39.6100,33,2
2026-04-17,600036,13:56:07,39.6200,65,1
2026-04-17,600036,13:56:10,39.6100,23,2
2026-04-17,600036,13:56:13,39.6200,16,1
2026-04-17,600036,13:56:16,39.6100,734,2
2026-04-17,600036,13:56:19,39.6000,233,2
2026-04-17,600036,13:56:22,39.6000,93,2
2026-04-17,600036,13:56:25,39.6000,17,2
2026-04-17,600036,13:56:28,39.6100,85,1
2026-04-17,600036,13:56:31,39.5900,69,2
2026-04-17,600036,13:56:34,39.6000,128,1
2026-04-17,600036,13:56:37,39.5900,162,2
2026-04-17,600036,13:56:40,39.6000,2,1
2026-04-17,600036,13:56:43,39.6000,15,1
2026-04-17,600036,13:56:46,39.5900,653,2
2026-04-17,600036,13:56:49,39.5900,199,1
2026-04-17,600036,13:56:52,39.5900,8,1
2026-04-17,600036,13:56:55,39.5900,76,1
2026-04-17,600036,13:56:58,39.5900,44,1
2026-04-17,600036,13:57:01,39.5900,765,1
2026-04-17,600036,13:57:04,39.5900,36,1
2026-04-17,600036,13:57:07,39.5800,59,2
2026-04-17,600036,13:57:10,39.5900,48,1
2026-04-17,600036,13:57:13,39.5900,5,1
2026-04-17,600036,13:57:16,39.5900,69,1
2026-04-17,600036,13:57:19,39.5900,17,1
2026-04-17,600036,13:57:22,39.5800,71,2
2026-04-17,600036,13:57:25,39.5800,223,2
2026-04-17,600036,13:57:28,39.5800,379,2
2026-04-17,600036,13:57:31,39.5700,2458,2
2026-04-17,600036,13:57:34,39.5700,88,2
2026-04-17,600036,13:57:37,39.5700,166,2
2026-04-17,600036,13:57:40,39.5700,54,2
2026-04-17,600036,13:57:43,39.5700,13,2
2026-04-17,600036,13:57:46,39.5700,19,2
2026-04-17,600036,13:57:49,39.5700,12,2
2026-04-17,600036,13:57:52,39.5800,21,1
2026-04-17,600036,13:57:55,39.5700,192,2
2026-04-17,600036,13:57:58,39.5800,4,1
2026-04-17,600036,13:58:01,39.5700,70,2
2026-04-17,600036,13:58:04,39.5700,434,2
2026-04-17,600036,13:58:07,39.5700,66,2
2026-04-17,600036,13:58:10,39.5700,38,1
2026-04-17,600036,13:58:13,39.5600,34,2
2026-04-17,600036,13:58:16,39.5700,137,1
2026-04-17,600036,13:58:19,39.5700,124,1
2026-04-17,600036,13:58:22,39.5700,106,1
2026-04-17,600036,13:58:25,39.5600,1040,2
2026-04-17,600036,13:58:28,39.5700,29,1
2026-04-17,600036,13:58:31,39.5700,13,1
2026-04-17,600036,13:58:34,39.5700,43,1
2026-04-17,600036,13:58:37,39.5600,67,2
2026-04-17,600036,13:58:40,39.5600,25,2
2026-04-17,600036,13:58:43,39.5600,10,2
2026-04-17,600036,13:58:46,39.5600,6397,2
2026-04-17,600036,13:58:49,39.5500,183,2
2026-04-17,600036,13:58:52,39.5500,524,2
2026-04-17,600036,13:58:55,39.5500,186,4
2026-04-17,600036,13:58:58,39.5500,32,1
2026-04-17,600036,13:59:01,39.5500,191,2
2026-04-17,600036,13:59:04,39.5500,25,2
2026-04-17,600036,13:59:07,39.5500,32,2
2026-04-17,600036,13:59:10,39.5600,11,1
2026-04-17,600036,13:59:13,39.5500,319,2
2026-04-17,600036,13:59:16,39.5600,9,1
2026-04-17,600036,13:59:19,39.5600,37,1
2026-04-17,600036,13:59:22,39.5600,438,1
2026-04-17,600036,13:59:25,39.5400,74,2
2026-04-17,600036,13:59:28,39.5600,51,1
2026-04-17,600036,13:59:31,39.5600,175,1
2026-04-17,600036,13:59:34,39.5600,32,1
2026-04-17,600036,13:59:37,39.5500,19,2
2026-04-17,600036,13:59:40,39.5600,54,1
2026-04-17,600036,13:59:43,39.5500,13,2
2026-04-17,600036,13:59:46,39.5500,9,2
2026-04-17,600036,13:59:49,39.5600,150,1
2026-04-17,600036,13:59:52,39.5600,47,2
2026-04-17,600036,13:59:55,39.5700,186,1
2026-04-17,600036,13:59:58,39.5700,91,1
2026-04-17,600036,14:00:01,39.5700,117,1
2026-04-17,600036,14:00:04,39.5700,177,1
2026-04-17,600036,14:00:07,39.5700,401,1
2026-04-17,600036,14:00:10,39.5700,7,1
2026-04-17,600036,14:00:13,39.5600,257,4
2026-04-17,600036,14:00:16,39.5700,42,1
2026-04-17,600036,14:00:19,39.5600,70,1
2026-04-17,600036,14:00:22,39.5600,6,1
2026-04-17,600036,14:00:25,39.5600,17,1
2026-04-17,600036,14:00:28,39.5500,22,2
2026-04-17,600036,14:00:31,39.5600,15,1
2026-04-17,600036,14:00:34,39.5600,57,1
2026-04-17,600036,14:00:37,39.5600,23,1
2026-04-17,600036,14:00:40,39.5600,126,1
2026-04-17,600036,14:00:43,39.5500,84,2
2026-04-17,600036,14:00:46,39.5600,41,1
2026-04-17,600036,14:00:49,39.5600,5,1
2026-04-17,600036,14:00:52,39.5500,1076,2
2026-04-17,600036,14:00:55,39.5400,678,2
2026-04-17,600036,14:00:58,39.5500,48,1
2026-04-17,600036,14:01:01,39.5500,97,1
2026-04-17,600036,14:01:04,39.5500,248,1
2026-04-17,600036,14:01:07,39.5500,92,1
2026-04-17,600036,14:01:10,39.5400,118,2
2026-04-17,600036,14:01:13,39.5500,194,1
2026-04-17,600036,14:01:16,39.5500,135,1
2026-04-17,600036,14:01:19,39.5500,27,1
2026-04-17,600036,14:01:22,39.5400,89,2
2026-04-17,600036,14:01:25,39.5500,67,1
2026-04-17,600036,14:01:28,39.5400,40,2
2026-04-17,600036,14:01:31,39.5400,3,2
2026-04-17,600036,14:01:34,39.5400,58,2
2026-04-17,600036,14:01:37,39.5400,1,2
2026-04-17,600036,14:01:40,39.5500,493,1
2026-04-17,600036,14:01:43,39.5400,219,2
2026-04-17,600036,14:01:46,39.5400,113,2
2026-04-17,600036,14:01:49,39.5400,37,2
2026-04-17,600036,14:01:52,39.5400,13,2
2026-04-17,600036,14:01:55,39.5500,405,1
2026-04-17,600036,14:01:58,39.5500,753,1
2026-04-17,600036,14:02:01,39.5600,20,1
2026-04-17,600036,14:02:04,39.5500,69,2
2026-04-17,600036,14:02:07,39.5500,22,2
2026-04-17,600036,14:02:10,39.5500,52,2
2026-04-17,600036,14:02:13,39.5500,186,2
2026-04-17,600036,14:02:16,39.5600,49,1
2026-04-17,600036,14:02:19,39.5600,27,1
2026-04-17,600036,14:02:22,39.5600,4,1
2026-04-17,600036,14:02:25,39.5600,22,1
2026-04-17,600036,14:02:28,39.5500,61,2
2026-04-17,600036,14:02:31,39.5500,73,2
2026-04-17,600036,14:02:34,39.5600,28,1
2026-04-17,600036,14:02:37,39.5500,29,2
2026-04-17,600036,14:02:40,39.5600,20,1
2026-04-17,600036,14:02:43,39.5600,12,1
2026-04-17,600036,14:02:46,39.5600,4,1
2026-04-17,600036,14:02:49,39.5500,13,2
2026-04-17,600036,14:02:52,39.5600,5,1
2026-04-17,600036,14:02:55,39.5600,3,1
2026-04-17,600036,14:02:58,39.5500,11,2
2026-04-17,600036,14:03:01,39.5500,13,2
2026-04-17,600036,14:03:04,39.5600,33,1
2026-04-17,600036,14:03:07,39.5500,147,2
2026-04-17,600036,14:03:10,39.5500,95,2
2026-04-17,600036,14:03:13,39.5500,10,2
2026-04-17,600036,14:03:16,39.5500,50,2
2026-04-17,600036,14:03:22,39.5600,6,1
2026-04-17,600036,14:03:25,39.5600,22,1
2026-04-17,600036,14:03:28,39.5600,9,1
2026-04-17,600036,14:03:31,39.5600,9,1
2026-04-17,600036,14:03:34,39.5600,3,1
2026-04-17,600036,14:03:37,39.5500,50,2
2026-04-17,600036,14:03:40,39.5500,442,2
2026-04-17,600036,14:03:43,39.5500,505,2
2026-04-17,600036,14:03:46,39.5400,193,2
2026-04-17,600036,14:03:49,39.5500,79,1
2026-04-17,600036,14:03:52,39.5400,203,2
2026-04-17,600036,14:03:55,39.5500,156,1
2026-04-17,600036,14:03:58,39.5500,77,1
2026-04-17,600036,14:04:01,39.5400,95,2
2026-04-17,600036,14:04:04,39.5400,67,2
2026-04-17,600036,14:04:07,39.5400,51,2
2026-04-17,600036,14:04:10,39.5400,54,2
2026-04-17,600036,14:04:13,39.5500,123,1
2026-04-17,600036,14:04:16,39.5500,13,1
2026-04-17,600036,14:04:19,39.5500,60,1
2026-04-17,600036,14:04:22,39.5500,27,1
2026-04-17,600036,14:04:25,39.5500,49,1
2026-04-17,600036,14:04:28,39.5500,2,1
2026-04-17,600036,14:04:31,39.5500,6,1
2026-04-17,600036,14:04:34,39.5500,50,1
2026-04-17,600036,14:04:37,39.5500,34,1
2026-04-17,600036,14:04:40,39.5400,9,2
2026-04-17,600036,14:04:43,39.5400,18,2
2026-04-17,600036,14:04:46,39.5400,87,2
2026-04-17,600036,14:04:49,39.5400,63,2
2026-04-17,600036,14:04:52,39.5500,60,1
2026-04-17,600036,14:04:55,39.5500,59,1
2026-04-17,600036,14:04:58,39.5500,32,1
2026-04-17,600036,14:05:01,39.5500,78,1
2026-04-17,600036,14:05:04,39.5400,59,2
2026-04-17,600036,14:05:07,39.5500,15,1
2026-04-17,600036,14:05:10,39.5400,67,2
2026-04-17,600036,14:05:13,39.5400,7,2
2026-04-17,600036,14:05:16,39.5400,24,2
2026-04-17,600036,14:05:19,39.5400,39,2
2026-04-17,600036,14:05:22,39.5400,25,2
2026-04-17,600036,14:05:25,39.5400,27,2
2026-04-17,600036,14:05:28,39.5400,42,2
2026-04-17,600036,14:05:31,39.5400,10,2
2026-04-17,600036,14:05:34,39.5400,48,2
2026-04-17,600036,14:05:37,39.5400,260,2
2026-04-17,600036,14:05:40,39.5400,104,2
2026-04-17,600036,14:05:43,39.5400,31,2
2026-04-17,600036,14:05:46,39.5500,31,1
2026-04-17,600036,14:05:49,39.5500,35,1
2026-04-17,600036,14:05:52,39.5500,80,1
2026-04-17,600036,14:05:55,39.5400,78,2
2026-04-17,600036,14:05:58,39.5500,3,1
2026-04-17,600036,14:06:01,39.5400,104,2
2026-04-17,600036,14:06:04,39.5400,60,2
2026-04-17,600036,14:06:07,39.5400,111,2
2026-04-17,600036,14:06:10,39.5400,160,2
2026-04-17,600036,14:06:13,39.5500,68,1
2026-04-17,600036,14:06:16,39.5500,35,1
2026-04-17,600036,14:06:19,39.5500,20,1
2026-04-17,600036,14:06:22,39.5500,15,1
2026-04-17,600036,14:06:25,39.5500,275,1
2026-04-17,600036,14:06:28,39.5500,36,1
2026-04-17,600036,14:06:31,39.5400,58,2
2026-04-17,600036,14:06:34,39.5500,25,1
2026-04-17,600036,14:06:37,39.5400,26,2
2026-04-17,600036,14:06:40,39.5500,74,1
2026-04-17,600036,10:55:01,39.7700,100,2
2026-04-17,600036,10:55:04,39.7700,36,2
2026-04-17,600036,10:55:07,39.7700,39,2
2026-04-17,600036,10:55:10,39.7700,22,2
2026-04-17,600036,10:55:13,39.7700,6,2
2026-04-17,600036,10:55:16,39.7700,42,2
2026-04-17,600036,10:55:19,39.7800,36,1
2026-04-17,600036,10:55:22,39.7700,15,2
2026-04-17,600036,10:55:25,39.7700,76,2
2026-04-17,600036,10:55:28,39.7700,13,2
2026-04-17,600036,10:55:31,39.7700,57,2
2026-04-17,600036,10:55:34,39.7700,368,2
2026-04-17,600036,10:55:37,39.7600,235,2
2026-04-17,600036,10:55:40,39.7600,92,2
2026-04-17,600036,10:55:43,39.7600,75,2
2026-04-17,600036,10:55:46,39.7600,75,2
2026-04-17,600036,10:55:49,39.7600,43,2
2026-04-17,600036,10:55:52,39.7500,144,2
2026-04-17,600036,10:55:55,39.7500,47,2
2026-04-17,600036,10:55:58,39.7700,91,1
2026-04-17,600036,10:56:01,39.7500,38,2
2026-04-17,600036,10:56:07,39.7500,59,2
2026-04-17,600036,10:56:10,39.7500,104,2
2026-04-17,600036,10:56:13,39.7500,54,2
2026-04-17,600036,10:56:16,39.7500,44,2
2026-04-17,600036,10:56:19,39.7500,18,2
2026-04-17,600036,10:56:22,39.7600,65,1
2026-04-17,600036,10:56:25,39.7500,95,2
2026-04-17,600036,10:56:28,39.7500,9,2
2026-04-17,600036,10:56:31,39.7500,20,2
2026-04-17,600036,10:56:34,39.7500,67,2
2026-04-17,600036,10:56:37,39.7500,65,2
2026-04-17,600036,10:56:40,39.7500,35,2
2026-04-17,600036,10:56:43,39.7500,50,2
2026-04-17,600036,10:56:46,39.7500,37,2
2026-04-17,600036,10:56:49,39.7500,125,2
2026-04-17,600036,10:56:52,39.7400,71,2
2026-04-17,600036,10:56:55,39.7500,72,2
2026-04-17,600036,10:56:58,39.7400,34,2
2026-04-17,600036,10:57:01,39.7400,56,2
2026-04-17,600036,10:57:04,39.7500,123,2
2026-04-17,600036,10:57:07,39.7400,67,2
2026-04-17,600036,10:57:10,39.7500,18,2
2026-04-17,600036,10:57:13,39.7500,60,2
2026-04-17,600036,10:57:16,39.7500,35,1
2026-04-17,600036,10:57:19,39.7300,88,2
2026-04-17,600036,10:57:22,39.7300,39,2
2026-04-17,600036,10:57:25,39.7300,183,2
2026-04-17,600036,10:57:28,39.7300,128,1
2026-04-17,600036,10:57:31,39.7300,50,2
2026-04-17,600036,10:57:34,39.7300,58,2
2026-04-17,600036,10:57:37,39.7300,45,2
2026-04-17,600036,10:57:40,39.7300,29,2
2026-04-17,600036,10:57:43,39.7300,24,2
2026-04-17,600036,10:57:46,39.7300,63,2
2026-04-17,600036,10:57:49,39.7300,67,2
2026-04-17,600036,10:57:52,39.7300,25,2
2026-04-17,600036,10:57:55,39.7300,48,2
2026-04-17,600036,10:57:58,39.7300,36,2
2026-04-17,600036,10:58:01,39.7300,48,2
2026-04-17,600036,10:58:04,39.7300,25,2
2026-04-17,600036,10:58:07,39.7300,4,2
2026-04-17,600036,10:58:10,39.7400,20,4
2026-04-17,600036,10:58:13,39.7400,27,2
2026-04-17,600036,10:58:16,39.7400,48,2
2026-04-17,600036,10:58:19,39.7400,8,2
2026-04-17,600036,10:58:22,39.7400,76,2
2026-04-17,600036,10:58:25,39.7400,50,2
2026-04-17,600036,10:58:28,39.7300,92,2
2026-04-17,600036,10:58:31,39.7300,35,2
2026-04-17,600036,10:58:34,39.7300,120,2
2026-04-17,600036,10:58:37,39.7300,186,2
2026-04-17,600036,10:58:40,39.7400,38,1
2026-04-17,600036,10:58:43,39.7300,25,2
2026-04-17,600036,10:58:46,39.7300,28,2
2026-04-17,600036,10:58:49,39.7300,17,2
2026-04-17,600036,10:58:52,39.7300,175,1
2026-04-17,600036,10:58:55,39.7300,106,1
2026-04-17,600036,10:58:58,39.7400,114,1
2026-04-17,600036,10:59:01,39.7400,23,2
2026-04-17,600036,10:59:04,39.7400,29,2
2026-04-17,600036,10:59:07,39.7400,51,2
2026-04-17,600036,10:59:13,39.7400,40,1
2026-04-17,600036,10:59:16,39.7200,203,2
2026-04-17,600036,10:59:19,39.7300,41,4
2026-04-17,600036,10:59:22,39.7400,120,1
2026-04-17,600036,10:59:25,39.7300,83,2
2026-04-17,600036,10:59:28,39.7400,18,1
2026-04-17,600036,10:59:31,39.7300,63,2
2026-04-17,600036,10:59:34,39.7300,48,2
2026-04-17,600036,10:59:37,39.7300,90,2
2026-04-17,600036,10:59:40,39.7300,143,2
2026-04-17,600036,10:59:43,39.7300,261,2
2026-04-17,600036,10:59:46,39.7400,71,1
2026-04-17,600036,10:59:49,39.7400,29,1
2026-04-17,600036,10:59:52,39.7400,182,2
2026-04-17,600036,10:59:55,39.7400,59,2
2026-04-17,600036,10:59:58,39.7500,14,1
2026-04-17,600036,11:00:01,39.7400,98,2
2026-04-17,600036,11:00:04,39.7400,2,1
2026-04-17,600036,11:00:13,39.7400,318,1
2026-04-17,600036,11:00:16,39.7500,92,1
2026-04-17,600036,11:00:19,39.7300,933,2
2026-04-17,600036,11:00:22,39.7300,86,2
2026-04-17,600036,11:00:25,39.7300,48,2
2026-04-17,600036,11:00:28,39.7300,18,2
2026-04-17,600036,11:00:31,39.7300,42,2
2026-04-17,600036,11:00:34,39.7300,198,2
2026-04-17,600036,11:00:37,39.7300,25,2
2026-04-17,600036,11:00:40,39.7300,43,2
2026-04-17,600036,11:00:43,39.7300,106,2
2026-04-17,600036,11:00:46,39.7300,69,2
2026-04-17,600036,11:00:49,39.7300,82,2
2026-04-17,600036,11:00:52,39.7300,37,2
2026-04-17,600036,11:00:55,39.7300,34,2
2026-04-17,600036,11:00:58,39.7400,30,1
2026-04-17,600036,11:01:01,39.7400,40,1
2026-04-17,600036,11:01:04,39.7300,20,2
2026-04-17,600036,11:01:07,39.7400,72,1
2026-04-17,600036,11:01:10,39.7300,42,2
2026-04-17,600036,11:01:13,39.7300,23,2
2026-04-17,600036,11:01:16,39.7300,34,2
2026-04-17,600036,11:01:19,39.7300,162,2
2026-04-17,600036,11:01:22,39.7500,540,1
2026-04-17,600036,11:01:25,39.7500,63,2
2026-04-17,600036,11:01:28,39.7500,6,2
2026-04-17,600036,11:01:31,39.7500,53,2
2026-04-17,600036,11:01:34,39.7500,17,2
2026-04-17,600036,11:01:37,39.7500,28,2
2026-04-17,600036,11:01:40,39.7500,62,2
2026-04-17,600036,11:01:43,39.7500,45,2
2026-04-17,600036,11:01:46,39.7400,67,2
2026-04-17,600036,11:01:49,39.7400,76,2
2026-04-17,600036,11:01:52,39.7400,36,2
2026-04-17,600036,11:01:55,39.7400,65,2
2026-04-17,600036,11:01:58,39.7400,79,1
2026-04-17,600036,11:02:01,39.7400,4,1
2026-04-17,600036,11:02:04,39.7300,42,2
2026-04-17,600036,11:02:07,39.7300,32,2
2026-04-17,600036,11:02:10,39.7300,16,2
2026-04-17,600036,11:02:13,39.7400,307,1
2026-04-17,600036,11:02:16,39.7400,53,2
2026-04-17,600036,11:02:19,39.7400,32,2
2026-04-17,600036,11:02:22,39.7400,25,2
2026-04-17,600036,11:02:25,39.7400,32,2
2026-04-17,600036,11:02:28,39.7500,4,1
2026-04-17,600036,11:02:31,39.7400,36,2
2026-04-17,600036,11:02:34,39.7500,36,1
2026-04-17,600036,11:02:37,39.7400,47,2
2026-04-17,600036,11:02:40,39.7400,224,2
2026-04-17,600036,11:02:43,39.7400,35,2
2026-04-17,600036,11:02:46,39.7500,75,1
2026-04-17,600036,11:02:49,39.7400,30,2
2026-04-17,600036,11:02:52,39.7400,34,2
2026-04-17,600036,11:02:55,39.7400,40,2
2026-04-17,600036,11:02:58,39.7500,32,1
2026-04-17,600036,11:03:01,39.7500,67,1
2026-04-17,600036,11:03:04,39.7500,6,1
2026-04-17,600036,11:03:07,39.7500,11,1
2026-04-17,600036,11:03:10,39.7400,24,2
2026-04-17,600036,11:03:13,39.7400,34,2
2026-04-17,600036,11:03:16,39.7400,26,2
2026-04-17,600036,11:03:19,39.7400,80,2
2026-04-17,600036,11:03:22,39.7400,55,2
2026-04-17,600036,11:03:25,39.7400,17,2
2026-04-17,600036,11:03:28,39.7400,20,2
2026-04-17,600036,11:03:31,39.7400,82,2
2026-04-17,600036,11:03:34,39.7400,80,2
2026-04-17,600036,11:03:37,39.7300,15,2
2026-04-17,600036,11:03:40,39.7300,58,2
2026-04-17,600036,11:03:43,39.7300,58,2
2026-04-17,600036,11:03:46,39.7300,55,2
2026-04-17,600036,11:03:49,39.7300,91,1
2026-04-17,600036,11:03:52,39.7200,134,2
2026-04-17,600036,11:03:55,39.7200,43,2
2026-04-17,600036,11:03:58,39.7400,88,1
2026-04-17,600036,11:04:01,39.7400,45,1
2026-04-17,600036,11:04:04,39.7400,78,1
2026-04-17,600036,11:04:07,39.7400,54,1
2026-04-17,600036,11:04:10,39.7200,24,2
2026-04-17,600036,11:04:13,39.7200,116,2
2026-04-17,600036,11:04:16,39.7200,147,2
2026-04-17,600036,11:04:19,39.7400,117,1
2026-04-17,600036,11:04:22,39.7200,220,2
2026-04-17,600036,11:04:25,39.7200,56,2
2026-04-17,600036,11:04:28,39.7400,29,1
2026-04-17,600036,11:04:31,39.7400,50,2
2026-04-17,600036,11:04:34,39.7400,33,2
2026-04-17,600036,11:04:37,39.7500,178,1
2026-04-17,600036,11:04:40,39.7500,98,2
2026-04-17,600036,11:04:43,39.7600,58,1
2026-04-17,600036,11:04:46,39.7600,72,1
2026-04-17,600036,11:04:49,39.7600,18,1
2026-04-17,600036,11:04:52,39.7600,193,1
2026-04-17,600036,11:04:55,39.7600,9,2
2026-04-17,600036,11:04:58,39.7600,43,2
2026-04-17,600036,11:05:01,39.7600,346,2
2026-04-17,600036,11:05:04,39.7500,28,2
2026-04-17,600036,11:05:07,39.7700,76,1
2026-04-17,600036,11:05:10,39.7600,37,1
2026-04-17,600036,11:05:16,39.7500,14,2
2026-04-17,600036,11:05:19,39.7500,59,2
2026-04-17,600036,11:05:22,39.7500,142,2
2026-04-17,600036,11:05:25,39.7700,154,1
2026-04-17,600036,11:05:28,39.7600,11,4
2026-04-17,600036,11:05:31,39.7500,9,2
2026-04-17,600036,11:05:34,39.7500,51,2
2026-04-17,600036,11:05:37,39.7500,70,2
2026-04-17,600036,11:05:40,39.7500,29,2
2026-04-17,600036,11:05:43,39.7500,37,2
2026-04-17,600036,11:05:46,39.7500,48,2
2026-04-17,600036,11:05:49,39.7500,132,1
2026-04-17,600036,11:05:52,39.7500,38,2
2026-04-17,600036,11:05:55,39.7500,8,2
2026-04-17,600036,11:05:58,39.7400,57,2
2026-04-17,600036,11:06:01,39.7500,10,1
2026-04-17,600036,11:06:04,39.7500,17,1
2026-04-17,600036,11:06:07,39.7400,76,2
2026-04-17,600036,11:06:10,39.7400,101,2
2026-04-17,600036,11:06:13,39.7500,139,1
2026-04-17,600036,11:06:16,39.7400,34,2
2026-04-17,600036,11:06:19,39.7400,19,2
2026-04-17,600036,11:06:22,39.7400,140,2
2026-04-17,600036,11:06:25,39.7400,62,2
2026-04-17,600036,11:06:28,39.7400,31,1
2026-04-17,600036,11:06:31,39.7600,119,1
2026-04-17,600036,11:06:34,39.7400,19,2
2026-04-17,600036,11:06:37,39.7400,44,2
2026-04-17,600036,11:06:40,39.7300,71,2
2026-04-17,600036,11:06:43,39.7400,21,1
2026-04-17,600036,11:06:46,39.7400,116,1
2026-04-17,600036,11:06:49,39.7400,40,1
2026-04-17,600036,11:06:52,39.7400,171,2
2026-04-17,600036,11:06:55,39.7400,63,2
2026-04-17,600036,11:06:58,39.7400,25,2
2026-04-17,600036,11:07:01,39.7400,4,1
2026-04-17,600036,11:07:04,39.7300,33,2
2026-04-17,600036,11:07:07,39.7300,125,2
2026-04-17,600036,11:07:10,39.7400,62,1
2026-04-17,600036,11:07:13,39.7300,104,2
2026-04-17,600036,11:07:16,39.7300,89,1
2026-04-17,600036,11:07:19,39.7200,58,2
2026-04-17,600036,11:07:22,39.7300,149,1
2026-04-17,600036,11:07:25,39.7200,93,2
2026-04-17,600036,11:07:28,39.7300,105,1
2026-04-17,600036,11:07:31,39.7200,20,2
2026-04-17,600036,11:07:34,39.7200,71,2
2026-04-17,600036,11:07:37,39.7200,54,2
2026-04-17,600036,11:07:40,39.7200,16,2
2026-04-17,600036,11:07:43,39.7200,37,2
2026-04-17,600036,11:07:46,39.7100,532,2
2026-04-17,600036,11:07:49,39.7300,22,1
2026-04-17,600036,11:07:52,39.7200,56,2
2026-04-17,600036,11:07:55,39.7200,64,2
2026-04-17,600036,11:07:58,39.7200,103,2
2026-04-17,600036,11:08:01,39.7100,64,2
2026-04-17,600036,11:08:04,39.7200,54,1
2026-04-17,600036,11:08:07,39.7300,115,1
2026-04-17,600036,11:08:10,39.7200,1,2
2026-04-17,600036,11:08:13,39.7200,32,2
2026-04-17,600036,11:08:16,39.7200,66,2
2026-04-17,600036,11:08:19,39.7200,8,2
2026-04-17,600036,11:08:22,39.7300,61,1
2026-04-17,600036,11:08:25,39.7200,194,2
2026-04-17,600036,11:08:28,39.7200,31,1
2026-04-17,600036,11:08:31,39.7200,12,1
2026-04-17,600036,11:08:34,39.7200,181,1
2026-04-17,600036,11:08:37,39.7300,101,1
2026-04-17,600036,11:08:40,39.7200,57,2
2026-04-17,600036,11:08:43,39.7200,116,2
2026-04-17,600036,11:08:46,39.7200,56,2
2026-04-17,600036,11:08:49,39.7300,4,1
2026-04-17,600036,11:08:52,39.7300,62,1
2026-04-17,600036,11:08:55,39.7200,49,2
2026-04-17,600036,11:08:58,39.7300,80,1
2026-04-17,600036,11:09:01,39.7200,45,2
2026-04-17,600036,11:09:04,39.7200,33,2
2026-04-17,600036,11:09:07,39.7200,162,2
2026-04-17,600036,11:09:10,39.7200,116,2
2026-04-17,600036,11:09:13,39.7200,63,2
2026-04-17,600036,11:09:16,39.7200,108,2
2026-04-17,600036,11:09:19,39.7100,27,2
2026-04-17,600036,11:09:22,39.7200,74,1
2026-04-17,600036,11:09:25,39.7200,38,2
2026-04-17,600036,11:09:28,39.7200,18,1
2026-04-17,600036,11:09:31,39.7300,405,1
2026-04-17,600036,11:09:34,39.7300,57,2
2026-04-17,600036,11:09:37,39.7300,64,2
2026-04-17,600036,11:09:40,39.7400,5,4
2026-04-17,600036,11:09:43,39.7400,51,1
2026-04-17,600036,11:09:46,39.7300,90,2
2026-04-17,600036,11:09:52,39.7300,43,2
2026-04-17,600036,11:09:55,39.7300,36,2
2026-04-17,600036,11:09:58,39.7400,226,1
2026-04-17,600036,11:10:01,39.7300,58,2
2026-04-17,600036,11:10:04,39.7300,45,2
2026-04-17,600036,11:10:07,39.7300,124,2
2026-04-17,600036,11:10:10,39.7300,73,2
2026-04-17,600036,11:10:13,39.7300,71,2
2026-04-17,600036,11:10:16,39.7300,73,2
2026-04-17,600036,11:10:19,39.7300,23,2
2026-04-17,600036,11:10:22,39.7400,54,1
2026-04-17,600036,11:10:25,39.7300,48,2
2026-04-17,600036,11:10:28,39.7300,24,2
2026-04-17,600036,11:10:31,39.7300,105,2
2026-04-17,600036,11:10:34,39.7300,19,2
2026-04-17,600036,11:10:37,39.7300,83,2
2026-04-17,600036,11:10:40,39.7300,54,2
2026-04-17,600036,11:10:43,39.7300,36,2
2026-04-17,600036,11:10:46,39.7300,156,2
2026-04-17,600036,11:10:49,39.7300,22,2
2026-04-17,600036,11:10:52,39.7300,126,2
2026-04-17,600036,11:10:55,39.7300,119,2
2026-04-17,600036,11:10:58,39.7400,73,1
2026-04-17,600036,11:11:01,39.7300,43,2
2026-04-17,600036,11:11:04,39.7400,116,1
2026-04-17,600036,11:11:07,39.7300,89,2
2026-04-17,600036,11:11:10,39.7300,40,2
2026-04-17,600036,11:11:13,39.7300,80,2
2026-04-17,600036,11:11:16,39.7300,125,2
2026-04-17,600036,11:11:19,39.7400,88,1
2026-04-17,600036,11:11:22,39.7300,77,2
2026-04-17,600036,11:11:25,39.7400,310,1
2026-04-17,600036,11:11:28,39.7300,73,2
2026-04-17,600036,11:11:31,39.7300,22,2
2026-04-17,600036,11:11:34,39.7300,61,2
2026-04-17,600036,11:11:37,39.7300,126,2
2026-04-17,600036,11:11:40,39.7300,69,2
2026-04-17,600036,11:11:43,39.7300,111,2
2026-04-17,600036,11:11:46,39.7300,105,2
2026-04-17,600036,11:11:49,39.7400,76,1
2026-04-17,600036,11:11:52,39.7300,44,2
2026-04-17,600036,11:11:55,39.7300,145,2
2026-04-17,600036,11:11:58,39.7400,137,1
2026-04-17,600036,11:12:01,39.7200,85,2
2026-04-17,600036,11:12:04,39.7200,76,2
2026-04-17,600036,11:12:07,39.7200,279,2
2026-04-17,600036,11:12:10,39.7200,168,2
2026-04-17,600036,11:12:13,39.7200,14,1
2026-04-17,600036,11:12:16,39.7300,532,1
2026-04-17,600036,11:12:19,39.7200,44,2
2026-04-17,600036,11:12:22,39.7400,211,1
2026-04-17,600036,11:12:25,39.7300,139,2
2026-04-17,600036,11:12:28,39.7200,152,2
2026-04-17,600036,11:12:31,39.7200,104,2
2026-04-17,600036,11:12:34,39.7200,226,2
2026-04-17,600036,11:12:37,39.7100,360,2
2026-04-17,600036,11:12:40,39.7200,130,1
2026-04-17,600036,11:12:43,39.7200,93,2
2026-04-17,600036,11:12:46,39.7300,125,4
2026-04-17,600036,11:12:49,39.7300,84,2
2026-04-17,600036,11:12:52,39.7200,45,2
2026-04-17,600036,11:12:55,39.7200,205,2
2026-04-17,600036,11:12:58,39.7200,181,2
2026-04-17,600036,11:13:01,39.7200,310,2
2026-04-17,600036,11:13:04,39.7300,107,1
2026-04-17,600036,11:13:07,39.7300,156,2
2026-04-17,600036,11:13:10,39.7400,264,1
2026-04-17,600036,11:13:13,39.7500,175,1
2026-04-17,600036,11:13:16,39.7300,115,2
2026-04-17,600036,11:13:19,39.7400,140,4
2026-04-17,600036,11:13:22,39.7400,108,2
2026-04-17,600036,11:13:25,39.7400,100,2
2026-04-17,600036,11:13:28,39.7300,66,2
2026-04-17,600036,11:13:31,39.7200,308,2
2026-04-17,600036,11:13:34,39.7300,32,2
2026-04-17,600036,11:13:37,39.7300,165,2
2026-04-17,600036,11:13:40,39.7200,413,2
2026-04-17,600036,11:13:43,39.7100,47,2
2026-04-17,600036,11:13:46,39.7100,96,2
2026-04-17,600036,11:13:49,39.7200,274,4
2026-04-17,600036,11:13:52,39.7200,95,2
2026-04-17,600036,11:13:55,39.7200,99,2
2026-04-17,600036,11:13:58,39.7200,200,2
2026-04-17,600036,11:14:01,39.7200,69,2
2026-04-17,600036,11:14:04,39.7200,88,1
2026-04-17,600036,11:14:07,39.7200,138,2
2026-04-17,600036,11:14:10,39.7200,17,2
2026-04-17,600036,11:14:13,39.7200,1,1
2026-04-17,600036,11:14:16,39.7200,113,1
2026-04-17,600036,11:14:19,39.7100,3,2
2026-04-17,600036,11:14:22,39.7100,78,2
2026-04-17,600036,11:14:25,39.7100,156,2
2026-04-17,600036,11:14:28,39.7100,88,2
2026-04-17,600036,11:14:31,39.7200,237,1
2026-04-17,600036,11:14:34,39.7100,240,2
2026-04-17,600036,11:14:37,39.7200,79,1
2026-04-17,600036,11:14:40,39.7100,16,2
2026-04-17,600036,11:14:43,39.7200,129,1
2026-04-17,600036,11:14:46,39.7100,58,2
2026-04-17,600036,11:14:49,39.7200,244,1
2026-04-17,600036,11:14:52,39.7100,786,2
2026-04-17,600036,11:14:55,39.7100,100,2
2026-04-17,600036,11:14:58,39.7200,66,2
2026-04-17,600036,11:15:01,39.7200,356,2
2026-04-17,600036,11:15:04,39.7300,82,2
2026-04-17,600036,11:15:07,39.7300,79,2
2026-04-17,600036,11:15:10,39.7300,114,2
2026-04-17,600036,11:15:13,39.7400,180,1
2026-04-17,600036,11:15:16,39.7400,164,2
2026-04-17,600036,11:15:19,39.7400,74,1
2026-04-17,600036,11:15:22,39.7300,312,2
2026-04-17,600036,11:15:25,39.7400,185,1
2026-04-17,600036,11:15:28,39.7400,244,1
2026-04-17,600036,11:15:31,39.7500,282,2
2026-04-17,600036,11:15:34,39.7800,388,1
2026-04-17,600036,11:15:37,39.7600,162,2
2026-04-17,600036,11:15:40,39.7500,94,2
2026-04-17,600036,11:15:43,39.7500,25,2
2026-04-17,600036,11:15:46,39.7400,206,2
2026-04-17,600036,11:15:49,39.7500,198,1
2026-04-17,600036,11:15:52,39.7400,133,2
2026-04-17,600036,11:15:55,39.7500,35,1
2026-04-17,600036,11:15:58,39.7400,15,2
2026-04-17,600036,11:16:01,39.7400,3,1
2026-04-17,600036,11:16:04,39.7300,73,2
2026-04-17,600036,11:16:07,39.7300,41,2
2026-04-17,600036,11:16:10,39.7400,65,1
2026-04-17,600036,11:16:13,39.7200,98,2
2026-04-17,600036,11:16:16,39.7100,75,2
2026-04-17,600036,11:16:19,39.7100,35,2
2026-04-17,600036,11:16:22,39.7200,92,1
2026-04-17,600036,11:16:25,39.7100,8,2
2026-04-17,600036,11:16:28,39.7100,34,2
2026-04-17,600036,11:16:31,39.7100,78,2
2026-04-17,600036,11:16:34,39.7100,106,2
2026-04-17,600036,11:16:37,39.7100,75,2
2026-04-17,600036,11:16:40,39.7100,236,1
2026-04-17,600036,11:16:43,39.7100,47,1
2026-04-17,600036,11:16:46,39.7100,73,1
2026-04-17,600036,11:16:49,39.7000,46,2
2026-04-17,600036,11:16:52,39.7000,79,2
2026-04-17,600036,11:16:55,39.7100,109,1
2026-04-17,600036,11:16:58,39.7000,143,2
2026-04-17,600036,11:17:01,39.7100,35,1
2026-04-17,600036,11:17:04,39.7000,60,2
2026-04-17,600036,11:17:07,39.7000,184,2
2026-04-17,600036,11:17:10,39.7000,123,2
2026-04-17,600036,11:17:13,39.7100,197,1
2026-04-17,600036,11:17:16,39.7100,85,1
2026-04-17,600036,11:17:19,39.7000,186,2
2026-04-17,600036,11:17:22,39.7000,75,2
2026-04-17,600036,11:17:25,39.7000,172,2
2026-04-17,600036,11:17:28,39.7000,263,2
2026-04-17,600036,11:17:31,39.7000,291,2
2026-04-17,600036,11:17:34,39.7000,217,2
2026-04-17,600036,11:17:37,39.7100,319,1
2026-04-17,600036,11:17:40,39.7000,313,2
2026-04-17,600036,11:17:43,39.7000,271,2
2026-04-17,600036,11:17:46,39.7000,178,2
2026-04-17,600036,11:17:49,39.7000,75,2
2026-04-17,600036,11:17:52,39.7000,72,2
2026-04-17,600036,11:17:55,39.7000,128,1
2026-04-17,600036,11:17:58,39.7000,42,1
2026-04-17,600036,11:18:01,39.6900,15,2
2026-04-17,600036,11:18:04,39.6900,465,2
2026-04-17,600036,11:18:07,39.6900,146,2
2026-04-17,600036,11:18:10,39.6900,158,2
2026-04-17,600036,11:18:13,39.7000,164,1
2026-04-17,600036,11:18:19,39.7000,78,1
2026-04-17,600036,11:18:22,39.6900,14,2
2026-04-17,600036,11:18:25,39.6900,28,2
2026-04-17,600036,11:18:28,39.6900,152,2
2026-04-17,600036,11:18:31,39.6900,78,2
2026-04-17,600036,11:18:34,39.6900,86,2
2026-04-17,600036,11:18:37,39.6900,634,2
2026-04-17,600036,11:18:40,39.6900,16,1
2026-04-17,600036,11:18:43,39.6900,153,1
2026-04-17,600036,11:18:46,39.6800,97,2
2026-04-17,600036,11:18:49,39.6800,219,2
2026-04-17,600036,11:18:52,39.6800,177,2
2026-04-17,600036,11:18:55,39.6800,142,2
2026-04-17,600036,11:18:58,39.6800,110,2
2026-04-17,600036,11:19:01,39.6800,187,2
2026-04-17,600036,11:19:04,39.6800,112,2
2026-04-17,600036,11:19:07,39.6800,103,2
2026-04-17,600036,11:19:10,39.6800,87,2
2026-04-17,600036,11:19:13,39.6800,76,2
2026-04-17,600036,11:19:16,39.6800,97,2
2026-04-17,600036,11:19:19,39.6800,67,2
2026-04-17,600036,11:19:22,39.6800,49,2
2026-04-17,600036,11:19:25,39.6800,77,2
2026-04-17,600036,11:19:28,39.6800,128,2
2026-04-17,600036,11:19:31,39.6800,124,2
