date,code,time,price,volume,bs
2026-02-10,601318,14:07:01,68.1700,64,2
2026-02-10,601318,14:07:04,68.1800,2,2
2026-02-10,601318,14:07:07,68.2200,13,1
2026-02-10,601318,14:07:10,68.1700,10,2
2026-02-10,601318,14:07:13,68.1800,11,1
2026-02-10,601318,14:07:16,68.1600,145,2
2026-02-10,601318,14:07:19,68.1900,40,2
2026-02-10,601318,14:07:22,68.1900,91,2
2026-02-10,601318,14:07:25,68.1800,67,2
2026-02-10,601318,14:07:28,68.1800,39,2
2026-02-10,601318,14:07:31,68.1800,20,2
2026-02-10,601318,14:07:34,68.1800,36,2
2026-02-10,601318,14:07:37,68.2200,246,1
2026-02-10,601318,14:07:40,68.2200,43,1
2026-02-10,601318,14:07:43,68.1900,6,2
2026-02-10,601318,14:07:46,68.2100,11,1
2026-02-10,601318,14:07:49,68.2000,133,2
2026-02-10,601318,14:07:52,68.2100,19,1
2026-02-10,601318,14:07:55,68.2100,181,2
2026-02-10,601318,14:07:58,68.2100,16,2
2026-02-10,601318,14:08:01,68.2100,44,1
2026-02-10,601318,14:08:04,68.1900,35,2
2026-02-10,601318,14:08:07,68.1900,18,2
2026-02-10,601318,14:08:10,68.2000,8,4
2026-02-10,601318,14:08:13,68.2000,45,1
2026-02-10,601318,14:08:16,68.1900,29,2
2026-02-10,601318,14:08:19,68.2000,3,1
2026-02-10,601318,14:08:22,68.2000,22,2
2026-02-10,601318,14:08:25,68.2000,23,1
2026-02-10,601318,14:08:28,68.1900,112,2
2026-02-10,601318,14:08:31,68.2000,9,4
2026-02-10,601318,14:08:34,68.2000,15,2
2026-02-10,601318,14:08:37,68.2000,89,2
2026-02-10,601318,14:08:40,68.1900,34,2
2026-02-10,601318,14:08:43,68.1900,44,2
2026-02-10,601318,14:08:46,68.2200,81,1
2026-02-10,601318,14:08:49,68.1900,14,2
2026-02-10,601318,14:08:52,68.2000,39,2
2026-02-10,601318,14:08:55,68.1800,65,2
2026-02-10,601318,14:08:58,68.2000,24,2
2026-02-10,601318,14:09:01,68.1800,37,2
2026-02-10,601318,14:09:04,68.1800,21,2
2026-02-10,601318,14:09:07,68.2000,151,1
2026-02-10,601318,14:09:10,68.1900,54,2
2026-02-10,601318,14:09:13,68.1700,230,2
2026-02-10,601318,14:09:16,68.1700,69,1
2026-02-10,601318,14:09:19,68.1700,14,1
2026-02-10,601318,14:09:22,68.1600,28,2
2026-02-10,601318,14:09:25,68.1700,15,1
2026-02-10,601318,14:09:28,68.1600,24,2
2026-02-10,601318,14:09:31,68.1600,12,1
2026-02-10,601318,14:09:34,68.1600,14,1
2026-02-10,601318,14:09:37,68.1600,7,1
2026-02-10,601318,14:09:40,68.1600,104,1
2026-02-10,601318,14:09:43,68.1600,260,1
2026-02-10,601318,14:09:46,68.1500,9,2
2026-02-10,601318,14:09:49,68.1700,100,1
2026-02-10,601318,14:09:52,68.1600,76,2
2026-02-10,601318,14:09:55,68.1500,65,2
2026-02-10,601318,14:09:58,68.1500,11,2
2026-02-10,601318,14:10:01,68.1600,9,2
2026-02-10,601318,14:10:04,68.1500,68,2
2026-02-10,601318,14:10:07,68.2000,58,1
2026-02-10,601318,14:10:10,68.1800,57,2
2026-02-10,601318,14:10:13,68.1700,20,2
2026-02-10,601318,14:10:16,68.1800,23,2
2026-02-10,601318,14:10:19,68.2000,53,1
2026-02-10,601318,14:10:22,68.1800,58,4
2026-02-10,601318,14:10:25,68.2100,45,1
2026-02-10,601318,14:10:28,68.2100,14,1
2026-02-10,601318,14:10:31,68.2100,144,1
2026-02-10,601318,14:10:34,68.2100,27,1
2026-02-10,601318,14:10:37,68.2000,11,4
2026-02-10,601318,14:10:40,68.1900,139,2
2026-02-10,601318,14:10:43,68.2000,113,1
2026-02-10,601318,14:10:46,68.2000,17,2
2026-02-10,601318,14:10:49,68.2100,251,1
2026-02-10,601318,14:10:52,68.2000,6,4
2026-02-10,601318,14:10:55,68.2200,106,1
2026-02-10,601318,14:10:58,68.2200,1,1
2026-02-10,601318,14:11:01,68.2100,131,1
2026-02-10,601318,14:11:04,68.2100,91,1
2026-02-10,601318,14:11:07,68.2100,8,1
2026-02-10,601318,14:11:10,68.2100,29,2
2026-02-10,601318,14:11:13,68.2100,26,2
2026-02-10,601318,14:11:16,68.2100,47,2
2026-02-10,601318,14:11:19,68.2200,14,1
2026-02-10,601318,14:11:22,68.2400,148,1
2026-02-10,601318,14:11:25,68.2000,19,2
2026-02-10,601318,14:11:28,68.2200,21,1
2026-02-10,601318,14:11:31,68.1800,104,2
2026-02-10,601318,14:11:34,68.1800,26,2
2026-02-10,601318,14:11:37,68.2100,86,1
2026-02-10,601318,14:11:40,68.1900,366,2
2026-02-10,601318,14:11:43,68.2000,5,1
2026-02-10,601318,14:11:46,68.2000,16,1
2026-02-10,601318,14:11:49,68.1900,18,4
2026-02-10,601318,14:11:52,68.1900,3,1
2026-02-10,601318,14:11:55,68.1800,37,2
2026-02-10,601318,14:11:58,68.1800,6,2
2026-02-10,601318,14:12:01,68.1900,13,1
2026-02-10,601318,14:12:04,68.1900,57,1
2026-02-10,601318,14:12:07,68.1900,10,1
2026-02-10,601318,14:12:10,68.1900,5,1
2026-02-10,601318,14:12:13,68.2000,89,1
2026-02-10,601318,14:12:16,68.2000,33,1
2026-02-10,601318,14:12:19,68.2000,120,1
2026-02-10,601318,14:12:22,68.2000,11,2
2026-02-10,601318,14:12:25,68.1900,42,2
2026-02-10,601318,14:12:28,68.1800,294,2
2026-02-10,601318,14:12:31,68.2000,19,2
2026-02-10,601318,14:12:34,68.2100,26,1
2026-02-10,601318,14:12:37,68.2100,26,1
2026-02-10,601318,14:12:40,68.1900,12,2
2026-02-10,601318,14:12:43,68.2000,11,1
2026-02-10,601318,14:12:46,68.1900,35,2
2026-02-10,601318,14:12:49,68.1900,134,2
2026-02-10,601318,14:12:52,68.2400,1122,1
2026-02-10,601318,14:12:55,68.2500,124,1
2026-02-10,601318,14:12:59,68.2400,163,4
2026-02-10,601318,14:13:01,68.2300,4,2
2026-02-10,601318,14:13:04,68.2400,15,1
2026-02-10,601318,14:13:07,68.2400,27,1
2026-02-10,601318,14:13:10,68.2000,63,2
2026-02-10,601318,14:13:13,68.2300,2,1
2026-02-10,601318,14:13:16,68.2400,10,1
2026-02-10,601318,14:13:19,68.2300,9,1
2026-02-10,601318,14:13:22,68.2000,19,2
2026-02-10,601318,14:13:25,68.2200,39,2
2026-02-10,601318,14:13:28,68.2000,27,2
2026-02-10,601318,14:13:31,68.2000,37,2
2026-02-10,601318,14:13:34,68.2100,25,1
2026-02-10,601318,14:13:37,68.2100,19,1
2026-02-10,601318,14:13:40,68.2100,12,2
2026-02-10,601318,14:13:43,68.2200,111,1
2026-02-10,601318,14:13:46,68.2200,12,4
2026-02-10,601318,14:13:49,68.2200,13,1
2026-02-10,601318,14:13:52,68.2100,27,2
2026-02-10,601318,14:13:55,68.2000,38,2
2026-02-10,601318,14:13:58,68.2000,3,2
2026-02-10,601318,14:14:01,68.2000,15,2
2026-02-10,601318,14:14:04,68.2200,36,1
2026-02-10,601318,14:14:07,68.2100,2,4
2026-02-10,601318,14:14:10,68.2000,14,2
2026-02-10,601318,14:14:13,68.2000,5,2
2026-02-10,601318,14:14:16,68.2000,9,2
2026-02-10,601318,14:14:19,68.2100,8,1
2026-02-10,601318,14:14:22,68.2000,26,2
2026-02-10,601318,14:14:25,68.2000,14,2
2026-02-10,601318,14:14:28,68.2000,153,2
2026-02-10,601318,14:14:31,68.2100,26,1
2026-02-10,601318,14:14:34,68.2000,36,2
2026-02-10,601318,14:14:37,68.2200,29,1
2026-02-10,601318,14:14:40,68.2200,37,2
2026-02-10,601318,14:14:43,68.2100,24,4
2026-02-10,601318,14:14:46,68.2200,18,1
2026-02-10,601318,14:14:49,68.2500,135,1
2026-02-10,601318,14:14:52,68.2200,135,2
2026-02-10,601318,14:14:55,68.2200,1,2
2026-02-10,601318,14:14:58,68.2100,46,2
2026-02-10,601318,14:15:01,68.2200,26,4
2026-02-10,601318,14:15:04,68.2200,5,1
2026-02-10,601318,14:15:07,68.2200,57,1
2026-02-10,601318,14:15:10,68.2100,20,2
2026-02-10,601318,14:15:13,68.2100,30,2
2026-02-10,601318,14:15:16,68.2100,40,2
2026-02-10,601318,14:15:19,68.2000,92,2
2026-02-10,601318,14:15:22,68.2100,371,4
2026-02-10,601318,14:15:28,68.2000,285,1
2026-02-10,601318,14:15:31,68.1900,634,2
2026-02-10,601318,14:15:34,68.1800,40,2
2026-02-10,601318,14:15:37,68.1800,15,2
2026-02-10,601318,14:15:40,68.1700,157,2
2026-02-10,601318,14:15:43,68.1700,52,2
2026-02-10,601318,14:15:46,68.1900,40,1
2026-02-10,601318,14:15:49,68.1900,25,1
2026-02-10,601318,14:15:52,68.1700,350,2
2026-02-10,601318,14:15:55,68.1700,20,2
2026-02-10,601318,14:15:58,68.1800,11,1
2026-02-10,601318,14:16:01,68.1800,47,1
2026-02-10,601318,14:16:04,68.1800,19,1
2026-02-10,601318,14:16:07,68.1800,52,2
2026-02-10,601318,14:16:10,68.1800,31,2
2026-02-10,601318,14:16:13,68.1800,31,1
2026-02-10,601318,14:16:16,68.1800,12,2
2026-02-10,601318,14:16:19,68.2000,41,1
2026-02-10,601318,14:16:22,68.1900,16,2
2026-02-10,601318,14:16:25,68.2000,45,1
2026-02-10,601318,14:16:28,68.1900,27,2
2026-02-10,601318,14:16:31,68.1800,105,2
2026-02-10,601318,14:16:34,68.1800,13,2
2026-02-10,601318,14:16:37,68.1800,11,4
2026-02-10,601318,14:16:40,68.1700,31,2
2026-02-10,601318,14:16:43,68.1900,13,1
2026-02-10,601318,14:16:46,68.1900,15,2
2026-02-10,601318,14:16:49,68.1900,22,2
2026-02-10,601318,14:16:52,68.1900,128,2
2026-02-10,601318,14:16:55,68.1900,81,2
2026-02-10,601318,14:16:58,68.1900,37,1
2026-02-10,601318,14:17:01,68.1700,36,2
2026-02-10,601318,14:17:04,68.1700,32,2
2026-02-10,601318,14:17:07,68.1900,61,1
2026-02-10,601318,14:17:10,68.1700,37,2
2026-02-10,601318,14:17:13,68.1600,162,2
2026-02-10,601318,14:17:16,68.1800,3,1
2026-02-10,601318,14:17:19,68.1700,32,2
2026-02-10,601318,14:17:22,68.1800,24,2
2026-02-10,601318,14:17:25,68.2100,128,1
2026-02-10,601318,14:17:28,68.2000,63,2
2026-02-10,601318,14:17:31,68.2100,23,1
2026-02-10,601318,14:17:34,68.2100,165,2
2026-02-10,601318,14:17:37,68.2100,14,2
2026-02-10,601318,14:17:40,68.2100,147,1
2026-02-10,601318,14:17:43,68.2200,3,1
2026-02-10,601318,14:17:46,68.2100,3,2
2026-02-10,601318,14:17:49,68.2100,27,2
2026-02-10,601318,14:17:52,68.2200,45,1
2026-02-10,601318,14:17:55,68.2100,50,2
2026-02-10,601318,14:17:58,68.2000,30,2
2026-02-10,601318,14:18:01,68.1800,69,2
2026-02-10,601318,14:18:04,68.1800,13,2
2026-02-10,601318,14:18:07,68.2100,31,1
2026-02-10,601318,14:18:10,68.1900,153,2
2026-02-10,601318,14:18:13,68.2100,54,1
2026-02-10,601318,14:18:16,68.1800,16,2
2026-02-10,601318,14:18:19,68.1900,20,1
2026-02-10,601318,14:18:22,68.1900,35,2
2026-02-10,601318,14:18:25,68.2100,55,1
2026-02-10,601318,14:18:28,68.1900,35,2
2026-02-10,601318,14:18:31,68.1900,73,2
2026-02-10,601318,14:18:34,68.2000,58,2
2026-02-10,601318,14:18:37,68.2200,55,1
2026-02-10,601318,14:18:40,68.2300,34,1
2026-02-10,601318,14:18:43,68.2500,388,1
2026-02-10,601318,14:18:46,68.2500,37,1
2026-02-10,601318,14:18:49,68.2500,10,2
2026-02-10,601318,14:18:52,68.2500,113,2
2026-02-10,601318,14:18:55,68.2500,279,1
2026-02-10,601318,14:18:58,68.2400,27,2
2026-02-10,601318,14:19:01,68.2500,25,1
2026-02-10,601318,14:19:04,68.2400,102,4
2026-02-10,601318,14:19:07,68.2100,85,2
2026-02-10,601318,14:19:10,68.2200,113,2
2026-02-10,601318,14:19:13,68.2200,36,2
2026-02-10,601318,14:19:16,68.2500,41,1
2026-02-10,601318,14:19:19,68.2500,59,1
2026-02-10,601318,14:19:22,68.2600,120,4
2026-02-10,601318,14:19:25,68.2500,43,2
2026-02-10,601318,14:19:28,68.2500,290,1
2026-02-10,601318,14:19:31,68.2500,141,1
2026-02-10,601318,14:19:34,68.2400,14,2
2026-02-10,601318,14:19:37,68.2500,28,1
2026-02-10,601318,14:19:40,68.2500,48,1
2026-02-10,601318,14:19:43,68.2400,170,2
2026-02-10,601318,14:19:46,68.2900,360,1
2026-02-10,601318,14:19:49,68.2500,254,2
2026-02-10,601318,14:19:52,68.2700,17,2
2026-02-10,601318,14:19:55,68.2600,169,2
2026-02-10,601318,14:19:58,68.2700,108,1
2026-02-10,601318,14:20:01,68.2700,241,1
2026-02-10,601318,14:20:04,68.3000,261,1
2026-02-10,601318,14:20:07,68.3200,128,1
2026-02-10,601318,14:20:10,68.3200,43,1
2026-02-10,601318,14:20:13,68.3100,216,2
2026-02-10,601318,14:20:16,68.3200,85,1
2026-02-10,601318,14:20:19,68.3000,28,2
2026-02-10,601318,14:20:22,68.3200,66,1
2026-02-10,601318,14:20:25,68.3300,20,4
2026-02-10,601318,14:20:28,68.3300,92,1
2026-02-10,601318,14:20:31,68.3100,70,2
2026-02-10,601318,14:20:34,68.3300,155,1
2026-02-10,601318,14:20:37,68.3300,113,2
2026-02-10,601318,14:20:40,68.3300,37,1
2026-02-10,601318,14:20:43,68.3400,14,1
2026-02-10,601318,14:20:46,68.3300,40,2
2026-02-10,601318,14:20:49,68.3400,259,1
2026-02-10,601318,14:20:52,68.3600,194,1
2026-02-10,601318,14:20:55,68.3700,126,1
2026-02-10,601318,14:20:58,68.3300,60,2
2026-02-10,601318,14:21:01,68.3300,148,2
2026-02-10,601318,14:21:04,68.3400,66,1
2026-02-10,601318,14:21:07,68.3300,179,4
2026-02-10,601318,14:21:10,68.3200,20,4
2026-02-10,601318,14:21:13,68.3100,95,2
2026-02-10,601318,14:21:16,68.3100,107,2
2026-02-10,601318,14:21:19,68.3100,140,2
2026-02-10,601318,14:21:22,68.3100,91,2
2026-02-10,601318,14:21:25,68.3000,26,2
2026-02-10,601318,14:21:28,68.3000,100,2
2026-02-10,601318,14:21:31,68.2900,77,1
2026-02-10,601318,14:21:34,68.2800,81,1
2026-02-10,601318,14:21:37,68.2600,24,2
2026-02-10,601318,14:21:40,68.2600,366,2
2026-02-10,601318,14:21:43,68.2800,88,1
2026-02-10,601318,14:21:46,68.2800,35,2
2026-02-10,601318,14:21:49,68.2900,13,4
2026-02-10,601318,14:21:52,68.2800,50,2
2026-02-10,601318,14:21:55,68.3000,157,1
2026-02-10,601318,14:21:58,68.2700,278,2
2026-02-10,601318,14:22:01,68.3200,66,1
2026-02-10,601318,14:22:04,68.3100,88,2
2026-02-10,601318,14:22:07,68.3200,20,4
2026-02-10,601318,14:22:10,68.3100,119,2
2026-02-10,601318,14:22:13,68.3500,92,1
2026-02-10,601318,14:22:16,68.3200,43,2
2026-02-10,601318,14:22:19,68.3500,704,1
2026-02-10,601318,14:22:22,68.3200,148,2
2026-02-10,601318,14:22:25,68.3200,62,2
2026-02-10,601318,14:22:28,68.3400,34,1
2026-02-10,601318,14:22:31,68.3200,50,2
2026-02-10,601318,14:22:34,68.3200,56,2
2026-02-10,601318,14:22:37,68.3200,7,2
2026-02-10,601318,14:22:40,68.3200,26,1
2026-02-10,601318,14:22:43,68.3200,31,1
2026-02-10,601318,14:22:46,68.3200,14,1
2026-02-10,601318,14:22:49,68.3100,81,2
2026-02-10,601318,14:22:53,68.3000,46,2
2026-02-10,601318,14:22:55,68.3200,214,1
2026-02-10,601318,14:22:58,68.3000,13,2
2026-02-10,601318,14:23:01,68.3000,69,2
2026-02-10,601318,14:23:04,68.3000,33,2
2026-02-10,601318,14:23:07,68.3000,6,1
2026-02-10,601318,14:23:10,68.2900,17,2
2026-02-10,601318,14:23:13,68.2800,26,2
2026-02-10,601318,14:23:16,68.2900,19,1
2026-02-10,601318,14:23:19,68.3000,30,1
2026-02-10,601318,14:23:22,68.2900,38,4
2026-02-10,601318,14:23:25,68.2900,12,2
2026-02-10,601318,14:23:28,68.2800,19,2
2026-02-10,601318,14:23:31,68.2900,66,4
2026-02-10,601318,14:23:34,68.3000,111,1
2026-02-10,601318,14:23:37,68.3100,6,1
2026-02-10,601318,14:23:40,68.3000,19,2
2026-02-10,601318,14:23:43,68.3000,33,2
2026-02-10,601318,14:23:46,68.3000,68,2
2026-02-10,601318,14:23:49,68.2900,16,2
2026-02-10,601318,14:23:52,68.2900,257,2
2026-02-10,601318,14:23:55,68.2900,11,2
2026-02-10,601318,14:23:58,68.2900,36,2
2026-02-10,601318,14:24:01,68.3000,77,1
2026-02-10,601318,14:24:04,68.3000,123,1
2026-02-10,601318,14:24:10,68.3000,75,1
2026-02-10,601318,14:24:13,68.3000,25,2
2026-02-10,601318,14:24:16,68.3200,5,1
2026-02-10,601318,14:24:19,68.3300,24,1
2026-02-10,601318,14:24:22,68.3300,220,2
2026-02-10,601318,14:24:25,68.3400,183,4
2026-02-10,601318,14:24:28,68.3200,159,2
2026-02-10,601318,14:24:31,68.3400,35,4
2026-02-10,601318,14:24:34,68.3400,87,1
2026-02-10,601318,14:24:37,68.3400,50,1
2026-02-10,601318,14:24:40,68.3200,103,2
2026-02-10,601318,14:24:43,68.3000,60,2
2026-02-10,601318,14:24:46,68.3200,932,1
2026-02-10,601318,14:24:49,68.3200,55,1
2026-02-10,601318,14:24:52,68.3200,49,2
2026-02-10,601318,14:24:55,68.3300,72,1
2026-02-10,601318,14:24:58,68.3100,251,2
2026-02-10,601318,14:25:01,68.3300,125,1
2026-02-10,601318,14:25:04,68.3300,171,2
2026-02-10,601318,14:25:07,68.2800,568,2
2026-02-10,601318,14:25:10,68.2800,21,2
2026-02-10,601318,14:25:13,68.2700,1182,2
2026-02-10,601318,14:25:16,68.2700,1353,1
2026-02-10,601318,14:25:19,68.2900,34,2
2026-02-10,601318,14:25:22,68.2900,35,2
2026-02-10,601318,14:25:25,68.3200,25,1
2026-02-10,601318,14:25:28,68.2900,18,2
2026-02-10,601318,14:25:31,68.2900,23,2
2026-02-10,601318,14:25:34,68.2900,65,2
2026-02-10,601318,14:25:37,68.2900,9,2
2026-02-10,601318,14:25:40,68.2900,46,2
2026-02-10,601318,14:25:43,68.2900,25,2
2026-02-10,601318,14:25:46,68.3100,53,1
2026-02-10,601318,14:25:49,68.2800,25,2
2026-02-10,601318,14:25:52,68.2800,2,2
2026-02-10,601318,14:25:55,68.3000,31,1
2026-02-10,601318,14:25:58,68.3000,138,2
2026-02-10,601318,14:26:01,68.3000,77,1
2026-02-10,601318,14:26:04,68.2800,66,2
2026-02-10,601318,14:26:07,68.3000,3,1
2026-02-10,601318,14:26:10,68.2900,14,2
2026-02-10,601318,14:26:13,68.3000,39,1
2026-02-10,601318,14:26:16,68.3000,6,2
2026-02-10,601318,14:26:19,68.2900,20,2
2026-02-10,601318,14:26:22,68.2800,33,2
2026-02-10,601318,14:26:25,68.2800,11,2
2026-02-10,601318,14:26:28,68.2800,25,2
2026-02-10,601318,14:26:31,68.2800,36,2
2026-02-10,601318,14:26:34,68.2900,71,1
2026-02-10,601318,14:26:37,68.2800,11,2
2026-02-10,601318,14:26:40,68.2800,60,2
2026-02-10,601318,14:26:43,68.2700,78,2
2026-02-10,601318,14:26:46,68.2700,3,2
2026-02-10,601318,14:26:49,68.2800,9,1
2026-02-10,601318,14:26:52,68.2700,14,2
2026-02-10,601318,14:26:55,68.2800,15,1
2026-02-10,601318,14:26:58,68.2800,25,1
2026-02-10,601318,14:27:01,68.2800,23,2
2026-02-10,601318,14:27:04,68.2800,138,2
2026-02-10,601318,14:27:07,68.2800,127,1
2026-02-10,601318,14:27:10,68.2700,84,2
2026-02-10,601318,14:27:13,68.2800,37,1
2026-02-10,601318,14:27:16,68.2700,25,2
2026-02-10,601318,14:27:19,68.2700,24,2
2026-02-10,601318,14:27:22,68.2700,63,2
2026-02-10,601318,14:27:25,68.2900,24,1
2026-02-10,601318,14:27:28,68.2900,23,2
2026-02-10,601318,14:27:31,68.2700,48,2
2026-02-10,601318,14:27:34,68.2800,135,1
2026-02-10,601318,14:27:37,68.2800,6,1
2026-02-10,601318,14:27:40,68.2800,49,1
2026-02-10,601318,14:27:43,68.3000,164,1
2026-02-10,601318,14:27:46,68.2900,280,2
2026-02-10,601318,14:27:49,68.2600,280,2
2026-02-10,601318,14:27:52,68.2600,81,2
2026-02-10,601318,14:27:55,68.2900,109,1
2026-02-10,601318,14:27:58,68.2700,4,2
2026-02-10,601318,14:28:01,68.2700,24,2
2026-02-10,601318,14:28:04,68.2600,106,2
2026-02-10,601318,14:28:07,68.2600,117,2
2026-02-10,601318,14:28:10,68.2600,43,2
2026-02-10,601318,14:28:13,68.2600,9,2
2026-02-10,601318,14:28:16,68.2600,27,2
2026-02-10,601318,14:28:19,68.2600,30,2
2026-02-10,601318,14:28:22,68.2500,24,2
2026-02-10,601318,14:28:25,68.2500,32,2
2026-02-10,601318,14:28:28,68.2500,40,2
2026-02-10,601318,14:28:31,68.2500,30,2
2026-02-10,601318,14:28:34,68.2500,69,2
2026-02-10,601318,14:28:37,68.2500,16,2
2026-02-10,601318,14:28:40,68.2500,18,2
2026-02-10,601318,14:28:43,68.2400,79,2
2026-02-10,601318,14:28:46,68.2400,22,2
2026-02-10,601318,14:28:49,68.2400,15,2
2026-02-10,601318,14:28:52,68.2500,26,1
2026-02-10,601318,14:28:55,68.2500,44,1
2026-02-10,601318,14:28:58,68.2400,6,2
2026-02-10,601318,14:29:01,68.2400,34,2
2026-02-10,601318,14:29:04,68.2500,88,1
2026-02-10,601318,14:29:07,68.2400,83,2
2026-02-10,601318,14:29:10,68.2700,218,1
2026-02-10,601318,14:29:13,68.2600,45,1
2026-02-10,601318,14:29:16,68.2700,109,2
2026-02-10,601318,14:29:19,68.2600,103,2
2026-02-10,601318,14:29:22,68.2600,87,2
2026-02-10,601318,14:29:25,68.2600,175,2
2026-02-10,601318,14:29:28,68.2700,120,2
2026-02-10,601318,14:29:31,68.3500,76,1
2026-02-10,601318,14:29:34,68.2700,85,2
2026-02-10,601318,14:29:37,68.2700,42,2
2026-02-10,601318,14:29:40,68.2700,22,2
2026-02-10,601318,14:29:43,68.2800,61,2
2026-02-10,601318,14:29:46,68.2900,52,1
2026-02-10,601318,14:29:49,68.2800,51,2
2026-02-10,601318,14:29:52,68.2600,67,2
2026-02-10,601318,14:29:55,68.2800,86,1
2026-02-10,601318,14:29:58,68.2800,58,2
2026-02-10,601318,14:30:01,68.2700,3,2
2026-02-10,601318,14:30:04,68.2700,10,2
2026-02-10,601318,14:30:07,68.2600,22,2
2026-02-10,601318,14:30:10,68.2700,106,1
2026-02-10,601318,14:30:13,68.2800,44,1
2026-02-10,601318,14:30:16,68.2600,11,2
2026-02-10,601318,14:30:19,68.2800,46,1
2026-02-10,601318,14:30:22,68.2800,31,2
2026-02-10,601318,14:30:25,68.2800,16,2
2026-02-10,601318,14:30:28,68.2800,7,2
2026-02-10,601318,14:30:31,68.2800,137,1
2026-02-10,601318,14:30:34,68.2800,42,2
2026-02-10,601318,14:30:37,68.3100,22,1
2026-02-10,601318,14:30:40,68.3100,38,1
2026-02-10,601318,14:30:43,68.2900,17,2
2026-02-10,601318,14:30:46,68.2900,4,2
2026-02-10,601318,14:30:49,68.2900,39,2
2026-02-10,601318,14:30:52,68.3000,64,1
2026-02-10,601318,14:30:55,68.2800,663,2
2026-02-10,601318,14:30:58,68.2800,18,1
2026-02-10,601318,14:31:01,68.2800,21,2
2026-02-10,601318,14:31:04,68.2800,116,2
2026-02-10,601318,14:31:07,68.2900,30,1
2026-02-10,601318,14:31:10,68.2900,19,2
2026-02-10,601318,14:31:13,68.2900,45,2
2026-02-10,601318,14:31:16,68.2900,57,2
2026-02-10,601318,14:31:19,68.2500,1003,2
2026-02-10,601318,14:31:22,68.2200,339,2
2026-02-10,601318,14:31:25,68.2100,175,2
2026-02-10,601318,14:31:28,68.2000,425,2
2026-02-10,601318,14:31:31,68.1800,286,2
2026-02-10,601318,14:31:34,68.1800,60,2
2026-02-10,601318,14:31:37,68.1800,145,2
2026-02-10,601318,14:31:40,68.2000,203,1
2026-02-10,601318,14:31:43,68.2200,55,1
2026-02-10,601318,14:31:46,68.2200,34,1
2026-02-10,601318,14:31:49,68.2200,11,2
2026-02-10,601318,14:31:52,68.2100,16,2
2026-02-10,601318,14:31:55,68.2100,94,2
2026-02-10,601318,14:31:58,68.2100,71,2
2026-02-10,601318,14:32:01,68.2100,45,2
2026-02-10,601318,14:32:04,68.2100,30,2
2026-02-10,601318,14:32:07,68.2100,8,1
2026-02-10,601318,14:32:10,68.2100,7,1
2026-02-10,601318,14:32:13,68.2000,157,2
2026-02-10,601318,14:32:16,68.2000,170,2
2026-02-10,601318,14:32:19,68.2100,47,1
2026-02-10,601318,14:32:22,68.2000,21,2
2026-02-10,601318,14:32:25,68.2000,14,2
2026-02-10,601318,14:32:28,68.2000,8,2
2026-02-10,601318,14:32:31,68.1900,562,2
2026-02-10,601318,14:32:34,68.1800,796,2
2026-02-10,601318,14:32:37,68.1800,34,2
2026-02-10,601318,14:32:40,68.1800,13,2
2026-02-10,601318,14:32:43,68.1800,75,2
2026-02-10,601318,14:32:46,68.1800,30,2
2026-02-10,601318,14:32:49,68.1900,7,1
2026-02-10,601318,14:32:52,68.1800,18,2
2026-02-10,601318,14:32:55,68.1800,14,2
2026-02-10,601318,14:32:58,68.1800,5,2
2026-02-10,601318,14:33:01,68.1900,109,1
2026-02-10,601318,14:33:04,68.1800,202,2
2026-02-10,601318,14:33:07,68.1600,708,2
2026-02-10,601318,14:33:10,68.1600,112,2
2026-02-10,601318,14:33:13,68.1600,52,1
2026-02-10,601318,14:33:16,68.1500,240,2
2026-02-10,601318,14:33:19,68.1600,58,1
2026-02-10,601318,14:33:22,68.1600,26,2
2026-02-10,601318,14:33:25,68.1600,38,2
2026-02-10,601318,14:33:28,68.1600,34,2
2026-02-10,601318,14:33:31,68.1600,17,2
2026-02-10,601318,14:33:34,68.1600,35,2
2026-02-10,601318,14:33:37,68.1700,12,1
2026-02-10,601318,14:33:40,68.1600,19,2
2026-02-10,601318,14:33:43,68.1700,185,1
2026-02-10,601318,14:33:46,68.1700,30,2
2026-02-10,601318,14:33:49,68.1800,21,1
2026-02-10,601318,14:33:52,68.1800,192,1
2026-02-10,601318,14:33:55,68.1900,46,2
2026-02-10,601318,14:33:58,68.1900,18,2
2026-02-10,601318,14:34:01,68.1900,3,2
2026-02-10,601318,14:34:04,68.1900,6,2
2026-02-10,601318,14:34:07,68.1900,6,2
2026-02-10,601318,14:34:10,68.2000,104,1
2026-02-10,601318,14:34:13,68.1900,19,2
2026-02-10,601318,14:34:16,68.2200,76,1
2026-02-10,601318,14:34:19,68.2100,76,2
2026-02-10,601318,14:34:22,68.2100,77,2
2026-02-10,601318,14:34:25,68.2000,20,2
2026-02-10,601318,14:34:28,68.1900,73,2
2026-02-10,601318,14:34:31,68.1900,182,2
2026-02-10,601318,14:34:34,68.1800,88,2
2026-02-10,601318,14:34:37,68.1800,46,2
2026-02-10,601318,14:34:40,68.1900,15,1
2026-02-10,601318,14:34:43,68.1800,73,2
2026-02-10,601318,14:34:46,68.1800,2,2
2026-02-10,601318,14:34:49,68.1900,55,1
2026-02-10,601318,14:34:52,68.1900,69,2
2026-02-10,601318,14:34:55,68.1900,31,1
2026-02-10,601318,14:34:58,68.1900,26,1
2026-02-10,601318,14:35:01,68.2000,26,1
2026-02-10,601318,14:35:04,68.1900,14,2
2026-02-10,601318,14:35:07,68.1900,54,2
2026-02-10,601318,14:35:10,68.1900,28,2
2026-02-10,601318,14:35:13,68.1900,26,2
2026-02-10,601318,14:35:16,68.1900,6,2
2026-02-10,601318,14:35:19,68.2000,19,1
2026-02-10,601318,14:35:22,68.1900,67,2
2026-02-10,601318,14:35:26,68.1900,115,2
2026-02-10,601318,14:35:28,68.1900,63,1
2026-02-10,601318,14:35:31,68.1800,28,2
2026-02-10,601318,14:35:34,68.1800,24,2
2026-02-10,601318,14:35:37,68.1800,135,2
2026-02-10,601318,14:35:40,68.1800,19,2
2026-02-10,601318,14:35:43,68.1800,43,2
2026-02-10,601318,14:35:46,68.1800,17,2
2026-02-10,601318,14:35:49,68.1800,64,2
2026-02-10,601318,14:35:52,68.1800,34,2
2026-02-10,601318,14:35:55,68.1900,46,1
2026-02-10,601318,14:35:58,68.1800,21,2
2026-02-10,601318,14:36:01,68.1700,66,2
2026-02-10,601318,14:36:04,68.1700,35,2
2026-02-10,601318,14:36:07,68.1800,55,1
2026-02-10,601318,14:36:10,68.1800,28,1
2026-02-10,601318,14:36:13,68.1700,56,2
2026-02-10,601318,14:36:16,68.1800,35,1
2026-02-10,601318,14:36:19,68.1800,21,1
2026-02-10,601318,14:36:22,68.1700,18,2
2026-02-10,601318,14:36:25,68.1800,71,1
2026-02-10,601318,14:36:28,68.1700,44,2
2026-02-10,601318,14:36:31,68.1700,181,2
2026-02-10,601318,14:36:34,68.1800,13,1
2026-02-10,601318,14:36:37,68.1800,100,1
2026-02-10,601318,14:36:40,68.1900,46,1
2026-02-10,601318,14:36:43,68.1900,110,2
2026-02-10,601318,14:36:46,68.1900,86,2
2026-02-10,601318,14:36:49,68.1800,116,2
2026-02-10,601318,14:36:52,68.1900,17,1
2026-02-10,601318,14:36:55,68.1800,23,2
2026-02-10,601318,14:36:58,68.1800,302,2
2026-02-10,601318,14:37:01,68.1900,35,1
2026-02-10,601318,14:37:04,68.1800,16,2
2026-02-10,601318,14:37:07,68.1800,30,2
2026-02-10,601318,14:37:10,68.1800,79,2
2026-02-10,601318,14:37:13,68.1800,209,2
2026-02-10,601318,14:37:16,68.1800,47,1
2026-02-10,601318,14:37:19,68.1800,10,1
2026-02-10,601318,14:37:22,68.1800,49,2
2026-02-10,601318,14:37:25,68.1900,20,1
2026-02-10,601318,14:37:28,68.1800,39,2
2026-02-10,601318,14:37:31,68.1700,629,2
2026-02-10,601318,14:37:34,68.1800,96,1
2026-02-10,601318,14:37:37,68.1700,88,2
2026-02-10,601318,14:37:40,68.1700,97,2
2026-02-10,601318,14:37:43,68.1700,47,2
2026-02-10,601318,14:37:46,68.1800,59,1
2026-02-10,601318,14:37:49,68.1800,150,1
2026-02-10,601318,14:37:52,68.1700,29,2
2026-02-10,601318,14:37:55,68.1700,79,1
2026-02-10,601318,14:37:58,68.1500,854,2
2026-02-10,601318,14:38:01,68.1200,838,2
2026-02-10,601318,14:38:04,68.1400,13,1
2026-02-10,601318,14:38:07,68.1300,33,2
2026-02-10,601318,14:38:10,68.1300,52,1
2026-02-10,601318,14:38:13,68.1200,141,2
2026-02-10,601318,14:38:16,68.1300,24,2
2026-02-10,601318,14:38:19,68.1300,14,2
2026-02-10,601318,14:38:22,68.1200,29,2
2026-02-10,601318,14:38:25,68.1200,169,2
2026-02-10,601318,14:38:28,68.1300,34,1
2026-02-10,601318,14:38:31,68.1300,29,1
2026-02-10,601318,14:38:34,68.1200,30,2
2026-02-10,601318,14:38:37,68.1200,95,2
2026-02-10,601318,14:38:40,68.1200,27,2
2026-02-10,601318,14:38:43,68.1200,72,2
2026-02-10,601318,14:38:46,68.1300,43,1
2026-02-10,601318,14:38:49,68.1200,73,2
2026-02-10,601318,14:38:52,68.1200,42,2
2026-02-10,601318,14:38:55,68.1200,100,2
2026-02-10,601318,14:38:58,68.1300,38,1
2026-02-10,601318,14:39:01,68.1300,42,2
2026-02-10,601318,14:39:04,68.1100,144,2
2026-02-10,601318,14:39:07,68.1200,84,1
2026-02-10,601318,14:39:10,68.1200,7,2
2026-02-10,601318,14:39:13,68.1100,56,2
2026-02-10,601318,14:39:16,68.1200,4,4
2026-02-10,601318,14:39:19,68.1100,19,2
2026-02-10,601318,14:39:22,68.1200,44,1
2026-02-10,601318,14:39:25,68.1200,14,2
2026-02-10,601318,14:39:28,68.1200,7,2
2026-02-10,601318,14:39:31,68.1200,17,2
2026-02-10,601318,14:39:34,68.1200,31,2
2026-02-10,601318,14:39:37,68.1300,28,1
2026-02-10,601318,14:39:40,68.1200,20,2
2026-02-10,601318,14:39:43,68.1300,16,1
2026-02-10,601318,14:39:46,68.1200,111,2
2026-02-10,601318,14:39:49,68.1200,128,1
2026-02-10,601318,14:39:52,68.1100,32,2
2026-02-10,601318,14:39:55,68.1200,39,1
2026-02-10,601318,14:39:58,68.1200,70,1
2026-02-10,601318,14:40:01,68.1200,37,1
2026-02-10,601318,14:40:04,68.1100,67,2
2026-02-10,601318,14:40:07,68.1200,51,1
2026-02-10,601318,14:40:10,68.1300,76,1
2026-02-10,601318,14:40:13,68.1300,145,1
2026-02-10,601318,14:40:16,68.1700,184,1
2026-02-10,601318,14:40:19,68.1300,18,2
2026-02-10,601318,14:40:22,68.2000,227,1
2026-02-10,601318,14:40:25,68.1700,8,2
2026-02-10,601318,14:40:28,68.1600,59,2
2026-02-10,601318,14:40:31,68.1500,104,2
2026-02-10,601318,14:40:34,68.1600,43,4
2026-02-10,601318,14:40:37,68.1700,34,1
2026-02-10,601318,14:40:40,68.1600,157,1
2026-02-10,601318,14:40:43,68.1700,42,1
2026-02-10,601318,14:40:46,68.1600,18,2
2026-02-10,601318,14:40:49,68.1800,137,1
2026-02-10,601318,14:40:52,68.1600,213,2
2026-02-10,601318,14:40:55,68.1900,288,1
2026-02-10,601318,14:40:58,68.1700,9,2
2026-02-10,601318,14:41:01,68.1700,31,2
2026-02-10,601318,14:41:04,68.1900,9,1
2026-02-10,601318,14:41:07,68.1900,106,1
2026-02-10,601318,14:41:10,68.1900,66,1
2026-02-10,601318,14:41:13,68.1800,41,2
2026-02-10,601318,14:41:16,68.1900,8,1
2026-02-10,601318,14:41:19,68.1900,255,1
2026-02-10,601318,14:41:22,68.1900,65,2
2026-02-10,601318,14:41:25,68.2200,141,1
2026-02-10,601318,14:41:28,68.2000,8,2
2026-02-10,601318,14:41:31,68.2000,36,2
2026-02-10,601318,14:41:34,68.2000,34,2
2026-02-10,601318,14:41:37,68.2000,47,2
2026-02-10,601318,14:41:40,68.1900,215,2
2026-02-10,601318,14:41:43,68.2000,137,1
2026-02-10,601318,14:41:46,68.1900,73,2
2026-02-10,601318,14:41:49,68.2100,142,1
2026-02-10,601318,14:41:52,68.1900,25,2
2026-02-10,601318,14:41:55,68.2000,79,1
2026-02-10,601318,14:41:58,68.1900,319,2
2026-02-10,601318,14:42:01,68.2000,25,1
2026-02-10,601318,14:42:04,68.1900,54,2
2026-02-10,601318,14:42:07,68.1900,10,1
2026-02-10,601318,14:42:10,68.1800,593,2
2026-02-10,601318,14:42:13,68.1800,215,2
2026-02-10,601318,14:42:16,68.1800,32,2
2026-02-10,601318,14:42:19,68.1700,50,2
2026-02-10,601318,14:42:22,68.1800,190,1
2026-02-10,601318,14:42:25,68.1700,25,4
2026-02-10,601318,14:42:28,68.1600,147,2
2026-02-10,601318,14:42:31,68.1600,60,2
2026-02-10,601318,14:42:34,68.1600,71,2
2026-02-10,601318,14:42:37,68.1500,7,2
2026-02-10,601318,14:42:40,68.1500,91,2
2026-02-10,601318,14:42:43,68.1600,152,1
2026-02-10,601318,14:42:46,68.1500,45,2
2026-02-10,601318,14:42:49,68.1600,17,1
2026-02-10,601318,14:42:52,68.1500,61,2
2026-02-10,601318,14:42:55,68.1700,93,1
2026-02-10,601318,14:42:58,68.1700,2,2
2026-02-10,601318,14:43:01,68.1600,49,2
2026-02-10,601318,14:43:04,68.1600,36,2
2026-02-10,601318,14:43:07,68.1600,63,2
2026-02-10,601318,14:43:10,68.1700,130,1
2026-02-10,601318,14:43:13,68.1600,100,2
2026-02-10,601318,14:43:16,68.1700,70,1
2026-02-10,601318,14:43:19,68.1600,73,2
2026-02-10,601318,14:43:22,68.1600,218,2
2026-02-10,601318,14:43:25,68.1600,97,2
2026-02-10,601318,14:43:28,68.1800,29,1
2026-02-10,601318,14:43:31,68.2000,38,1
2026-02-10,601318,14:43:34,68.1800,50,2
2026-02-10,601318,14:43:37,68.1900,108,4
2026-02-10,601318,14:43:40,68.2000,88,1
2026-02-10,601318,14:43:43,68.2000,157,2
2026-02-10,601318,14:43:46,68.2000,210,1
2026-02-10,601318,14:43:50,68.2000,78,2
2026-02-10,601318,14:43:52,68.2200,56,1
2026-02-10,601318,14:43:55,68.2200,213,2
2026-02-10,601318,14:43:58,68.2500,189,1
2026-02-10,601318,14:44:01,68.2300,102,2
2026-02-10,601318,14:44:04,68.2400,28,1
2026-02-10,601318,14:44:07,68.2500,142,1
2026-02-10,601318,14:44:10,68.2300,119,2
2026-02-10,601318,14:44:13,68.2300,179,1
2026-02-10,601318,14:44:16,68.2400,49,4
2026-02-10,601318,14:44:19,68.2400,120,1
2026-02-10,601318,14:44:22,68.2300,79,2
2026-02-10,601318,14:44:25,68.2500,29,1
2026-02-10,601318,14:44:28,68.2400,475,2
2026-02-10,601318,14:44:31,68.2300,146,2
2026-02-10,601318,14:44:34,68.2300,16,2
2026-02-10,601318,14:44:37,68.2300,237,2
2026-02-10,601318,14:44:40,68.2400,156,1
2026-02-10,601318,14:44:43,68.2000,78,2
2026-02-10,601318,14:44:46,68.2000,402,1
2026-02-10,601318,14:44:49,68.2200,264,1
2026-02-10,601318,14:44:52,68.2400,136,1
2026-02-10,601318,14:44:55,68.2500,176,1
2026-02-10,601318,14:44:58,68.2200,107,2
2026-02-10,601318,14:45:01,68.2600,60,1
2026-02-10,601318,14:45:04,68.2600,37,1
2026-02-10,601318,14:45:07,68.2300,22,2
2026-02-10,601318,14:45:10,68.2300,121,2
2026-02-10,601318,14:45:13,68.2300,82,2
2026-02-10,601318,14:45:16,68.2400,16,1
2026-02-10,601318,14:45:19,68.2300,108,2
2026-02-10,601318,14:45:22,68.2200,222,2
2026-02-10,601318,14:45:25,68.2300,88,1
2026-02-10,601318,14:45:28,68.2300,122,1
2026-02-10,601318,14:45:31,68.2300,49,2
2026-02-10,601318,14:45:34,68.2400,12,1
2026-02-10,601318,14:45:37,68.2400,103,1
2026-02-10,601318,14:45:40,68.2300,51,2
2026-02-10,601318,14:45:43,68.2300,67,2
2026-02-10,601318,14:45:46,68.2300,68,2
2026-02-10,601318,14:45:49,68.2200,32,2
2026-02-10,601318,14:45:52,68.2200,100,2
2026-02-10,601318,14:45:55,68.2200,69,2
2026-02-10,601318,14:45:58,68.2200,147,2
2026-02-10,601318,14:46:01,68.2300,386,1
2026-02-10,601318,14:46:04,68.2100,45,2
2026-02-10,601318,14:46:07,68.2100,5,2
2026-02-10,601318,14:46:10,68.2100,60,2
2026-02-10,601318,14:46:13,68.2100,66,2
2026-02-10,601318,14:46:16,68.2200,24,1
2026-02-10,601318,14:46:19,68.2100,49,2
2026-02-10,601318,14:46:22,68.2100,32,2
2026-02-10,601318,14:46:25,68.2200,123,1
2026-02-10,601318,14:46:28,68.2200,28,1
2026-02-10,601318,14:46:31,68.2200,24,1
2026-02-10,601318,14:46:34,68.2200,73,1
2026-02-10,601318,14:46:37,68.2100,57,2
2026-02-10,601318,14:46:40,68.2200,74,1
2026-02-10,601318,14:46:43,68.2200,139,1
2026-02-10,601318,14:46:46,68.2200,56,1
2026-02-10,601318,14:46:49,68.2200,170,1
2026-02-10,601318,14:46:52,68.2300,68,1
2026-02-10,601318,14:46:55,68.2300,120,1
2026-02-10,601318,14:46:58,68.2300,372,2
2026-02-10,601318,14:47:01,68.2300,278,2
2026-02-10,601318,14:47:04,68.2200,74,2
2026-02-10,601318,14:47:07,68.2200,211,2
2026-02-10,601318,14:47:10,68.2200,271,2
2026-02-10,601318,14:47:13,68.2300,182,1
2026-02-10,601318,14:47:16,68.2300,52,2
2026-02-10,601318,14:47:19,68.2400,8,1
2026-02-10,601318,14:47:22,68.2300,21,2
2026-02-10,601318,14:47:25,68.2300,4,2
2026-02-10,601318,14:47:28,68.2300,170,2
2026-02-10,601318,14:47:31,68.2400,97,1
2026-02-10,601318,14:47:34,68.2400,102,1
2026-02-10,601318,14:47:37,68.2400,363,2
2026-02-10,601318,14:47:40,68.2200,222,2
2026-02-10,601318,14:47:43,68.2300,167,1
2026-02-10,601318,14:47:46,68.2300,11,1
2026-02-10,601318,14:47:49,68.2300,13,1
2026-02-10,601318,14:47:52,68.2300,20,1
2026-02-10,601318,14:47:55,68.2300,174,1
2026-02-10,601318,14:47:58,68.2300,80,1
2026-02-10,601318,14:48:01,68.2200,55,2
2026-02-10,601318,14:48:04,68.2200,64,2
2026-02-10,601318,14:48:07,68.2200,34,2
2026-02-10,601318,14:48:10,68.2200,84,1
2026-02-10,601318,14:48:13,68.2300,64,1
2026-02-10,601318,14:48:16,68.2200,16,2
2026-02-10,601318,14:48:19,68.2200,4,2
2026-02-10,601318,14:48:22,68.2300,10,1
2026-02-10,601318,14:48:25,68.2300,76,1
2026-02-10,601318,14:48:28,68.2500,161,1
2026-02-10,601318,14:48:31,68.2300,272,2
2026-02-10,601318,14:48:34,68.2500,76,1
2026-02-10,601318,14:48:37,68.2500,12,1
2026-02-10,601318,14:48:40,68.2400,73,4
2026-02-10,601318,14:48:43,68.2400,135,1
2026-02-10,601318,14:48:46,68.2300,441,2
2026-02-10,601318,14:48:49,68.2300,73,2
2026-02-10,601318,14:48:52,68.2300,57,2
2026-02-10,601318,14:48:55,68.2300,10,2
2026-02-10,601318,14:48:58,68.2400,27,1
2026-02-10,601318,14:49:01,68.2500,449,1
2026-02-10,601318,14:49:04,68.2400,187,4
2026-02-10,601318,14:49:07,68.2300,156,4
2026-02-10,601318,14:49:10,68.2400,196,1
2026-02-10,601318,14:49:13,68.2500,193,1
2026-02-10,601318,14:49:16,68.2400,97,1
2026-02-10,601318,14:49:19,68.2400,75,2
2026-02-10,601318,14:49:22,68.2400,33,4
2026-02-10,601318,14:49:25,68.2500,176,1
2026-02-10,601318,14:49:28,68.2400,190,2
2026-02-10,601318,14:49:31,68.2400,37,2
2026-02-10,601318,14:49:34,68.2400,82,2
2026-02-10,601318,14:49:37,68.2400,37,1
2026-02-10,601318,14:49:40,68.2200,447,2
2026-02-10,601318,14:49:43,68.2300,128,1
2026-02-10,601318,14:49:46,68.2200,42,2
2026-02-10,601318,14:49:49,68.2300,40,1
2026-02-10,601318,14:49:52,68.2300,93,1
2026-02-10,601318,14:49:55,68.2300,22,1
2026-02-10,601318,14:49:58,68.2400,50,1
2026-02-10,601318,14:50:01,68.2300,96,2
2026-02-10,601318,14:50:04,68.2200,83,2
2026-02-10,601318,14:50:07,68.2300,220,4
2026-02-10,601318,14:50:10,68.2200,311,2
2026-02-10,601318,14:50:13,68.2100,122,2
2026-02-10,601318,14:50:16,68.2200,17,2
2026-02-10,601318,14:50:19,68.2200,16,2
2026-02-10,601318,14:50:22,68.2300,58,1
2026-02-10,601318,14:50:25,68.2200,30,2
2026-02-10,601318,14:50:28,68.2200,134,4
2026-02-10,601318,14:50:31,68.2300,77,1
2026-02-10,601318,14:50:34,68.2200,75,2
2026-02-10,601318,14:50:37,68.2200,60,1
2026-02-10,601318,14:50:40,68.2200,64,1
2026-02-10,601318,14:50:43,68.2200,133,1
2026-02-10,601318,14:50:46,68.2300,20,1
2026-02-10,601318,14:50:49,68.2100,143,2
2026-02-10,601318,14:50:52,68.2200,16,1
2026-02-10,601318,14:50:55,68.2000,123,2
2026-02-10,601318,14:50:58,68.2200,110,1
2026-02-10,601318,14:51:01,68.2000,80,2
2026-02-10,601318,14:51:04,68.2000,215,2
2026-02-10,601318,14:51:07,68.2100,202,1
2026-02-10,601318,14:51:10,68.2000,82,2
2026-02-10,601318,14:51:13,68.2100,108,1
2026-02-10,601318,14:51:16,68.2100,15,2
2026-02-10,601318,14:51:19,68.2100,163,2
2026-02-10,601318,14:51:22,68.2100,61,4
2026-02-10,601318,14:51:25,68.2100,14,1
2026-02-10,601318,14:51:28,68.2100,108,1
2026-02-10,601318,14:51:31,68.2100,15,2
2026-02-10,601318,14:51:34,68.2200,53,1
2026-02-10,601318,14:51:37,68.2100,90,2
2026-02-10,601318,14:51:40,68.2100,168,1
2026-02-10,601318,14:51:43,68.2000,173,2
2026-02-10,601318,14:51:46,68.2100,17,4
2026-02-10,601318,14:51:49,68.2200,227,1
2026-02-10,601318,14:51:52,68.2200,121,2
2026-02-10,601318,14:51:55,68.2300,10,1
2026-02-10,601318,14:51:58,68.2200,216,2
2026-02-10,601318,14:52:01,68.2200,64,2
2026-02-10,601318,14:52:04,68.2100,121,2
2026-02-10,601318,14:52:07,68.2100,139,2
2026-02-10,601318,14:52:10,68.2100,223,2
2026-02-10,601318,14:52:13,68.2000,94,2
2026-02-10,601318,14:52:16,68.2100,83,1
2026-02-10,601318,14:52:19,68.2100,47,1
2026-02-10,601318,14:52:22,68.2000,716,2
2026-02-10,601318,14:52:25,68.2000,137,1
2026-02-10,601318,14:52:28,68.2100,58,1
2026-02-10,601318,14:52:31,68.2000,217,2
2026-02-10,601318,14:52:34,68.2200,207,1
2026-02-10,601318,14:52:37,68.2100,3,1
2026-02-10,601318,14:52:40,68.2000,33,2
2026-02-10,601318,14:52:43,68.2100,68,1
2026-02-10,601318,14:52:46,68.2000,27,2
2026-02-10,601318,14:52:49,68.2000,15,2
2026-02-10,601318,14:52:52,68.2000,17,2
2026-02-10,601318,14:52:55,68.2100,137,1
2026-02-10,601318,14:52:59,68.2100,86,2
2026-02-10,601318,14:53:01,68.2200,442,1
2026-02-10,601318,14:53:04,68.2300,39,1
2026-02-10,601318,14:53:07,68.2200,41,2
2026-02-10,601318,14:53:10,68.2200,186,2
2026-02-10,601318,14:53:13,68.2200,156,1
2026-02-10,601318,14:53:16,68.2300,42,1
2026-02-10,601318,14:53:19,68.2400,15,1
2026-02-10,601318,14:53:22,68.2400,210,1
2026-02-10,601318,14:53:25,68.2500,551,1
2026-02-10,601318,14:53:28,68.2300,336,2
2026-02-10,601318,14:53:31,68.2300,65,1
2026-02-10,601318,14:53:34,68.2500,105,1
2026-02-10,601318,14:53:37,68.2300,135,2
2026-02-10,601318,14:53:40,68.2400,11,4
2026-02-10,601318,14:53:43,68.2500,11,1
2026-02-10,601318,14:53:46,68.2500,22,1
2026-02-10,601318,14:53:49,68.2500,26,1
2026-02-10,601318,14:53:52,68.2400,237,2
2026-02-10,601318,14:53:55,68.2400,151,2
2026-02-10,601318,14:53:58,68.2500,132,4
2026-02-10,601318,14:54:01,68.2500,122,2
2026-02-10,601318,14:54:04,68.2400,322,2
2026-02-10,601318,14:54:07,68.2300,266,2
2026-02-10,601318,14:54:10,68.2100,212,2
2026-02-10,601318,14:54:13,68.2200,48,1
2026-02-10,601318,14:54:16,68.2100,476,2
2026-02-10,601318,14:54:19,68.2000,642,2
2026-02-10,601318,14:54:22,68.2100,6,2
2026-02-10,601318,14:54:25,68.2100,17,2
2026-02-10,601318,14:54:28,68.2100,30,2
2026-02-10,601318,14:54:31,68.2200,116,1
2026-02-10,601318,14:54:34,68.2100,55,2
2026-02-10,601318,14:54:37,68.2100,37,1
2026-02-10,601318,14:54:40,68.2200,63,1
2026-02-10,601318,14:54:43,68.2300,104,1
2026-02-10,601318,14:54:46,68.2300,220,2
2026-02-10,601318,14:54:49,68.2400,48,1
2026-02-10,601318,14:54:52,68.2400,62,1
2026-02-10,601318,14:54:55,68.2400,96,1
2026-02-10,601318,14:54:58,68.2300,195,2
2026-02-10,601318,14:55:01,68.2500,113,1
2026-02-10,601318,14:55:04,68.2200,58,2
2026-02-10,601318,14:55:07,68.2300,69,4
2026-02-10,601318,14:55:10,68.2200,65,2
2026-02-10,601318,14:55:13,68.2300,146,2
2026-02-10,601318,14:55:16,68.2400,11,1
2026-02-10,601318,14:55:19,68.2300,150,2
2026-02-10,601318,14:55:22,68.2300,214,1
2026-02-10,601318,14:55:25,68.2300,171,1
2026-02-10,601318,14:55:28,68.2300,75,2
2026-02-10,601318,14:55:31,68.2300,25,2
2026-02-10,601318,14:55:34,68.2300,158,2
2026-02-10,601318,14:55:37,68.2400,50,1
2026-02-10,601318,14:55:40,68.2300,78,2
2026-02-10,601318,14:55:43,68.2300,194,2
2026-02-10,601318,14:55:46,68.2400,24,1
2026-02-10,601318,14:55:49,68.2300,64,2
2026-02-10,601318,14:55:52,68.2300,73,2
2026-02-10,601318,14:55:55,68.2400,102,1
2026-02-10,601318,14:55:58,68.2300,190,2
2026-02-10,601318,14:56:01,68.2200,366,2
2026-02-10,601318,14:56:04,68.2400,183,1
2026-02-10,601318,14:56:07,68.2200,142,2
2026-02-10,601318,14:56:10,68.2100,219,2
2026-02-10,601318,14:56:13,68.2000,490,2
2026-02-10,601318,14:56:16,68.2100,101,1
2026-02-10,601318,14:56:19,68.2300,196,1
2026-02-10,601318,14:56:22,68.2100,254,2
2026-02-10,601318,14:56:25,68.2100,74,2
2026-02-10,601318,14:56:28,68.2300,10,1
2026-02-10,601318,14:56:31,68.2200,105,2
2026-02-10,601318,14:56:34,68.2200,155,2
2026-02-10,601318,14:56:37,68.2200,59,2
2026-02-10,601318,14:56:40,68.2100,37,2
2026-02-10,601318,14:56:43,68.2200,14,1
2026-02-10,601318,14:56:46,68.2100,52,2
2026-02-10,601318,14:56:49,68.2200,183,1
2026-02-10,601318,14:56:52,68.2100,62,2
2026-02-10,601318,14:56:55,68.2200,45,1
2026-02-10,601318,14:56:58,68.2300,78,1
2026-02-10,601318,14:57:01,68.2200,3,4
2026-02-10,601318,15:00:02,68.1900,7936,4
2026-02-10,601318,13:16:19,68.0900,92,1
2026-02-10,601318,13:16:22,68.0900,50,1
2026-02-10,601318,13:16:25,68.0800,22,2
2026-02-10,601318,13:16:28,68.1000,21,1
2026-02-10,601318,13:16:31,68.1000,21,2
2026-02-10,601318,13:16:34,68.0900,75,2
2026-02-10,601318,13:16:37,68.0800,39,2
2026-02-10,601318,13:16:40,68.0800,27,2
2026-02-10,601318,13:16:43,68.0800,47,2
2026-02-10,601318,13:16:46,68.0800,36,2
2026-02-10,601318,13:16:49,68.0800,31,2
2026-02-10,601318,13:16:52,68.0800,16,2
2026-02-10,601318,13:16:55,68.0800,47,2
2026-02-10,601318,13:16:58,68.1100,42,1
2026-02-10,601318,13:17:01,68.0800,16,2
2026-02-10,601318,13:17:04,68.1000,118,1
2026-02-10,601318,13:17:07,68.1000,76,2
2026-02-10,601318,13:17:10,68.1000,1,1
2026-02-10,601318,13:17:13,68.0900,4,2
2026-02-10,601318,13:17:16,68.0800,123,2
2026-02-10,601318,13:17:19,68.0800,32,2
2026-02-10,601318,13:17:22,68.0700,151,2
2026-02-10,601318,13:17:25,68.0700,18,2
2026-02-10,601318,13:17:28,68.0800,15,2
2026-02-10,601318,13:17:31,68.0800,61,2
2026-02-10,601318,13:17:34,68.0800,3,2
2026-02-10,601318,13:17:37,68.0900,11,1
2026-02-10,601318,13:17:40,68.0800,9,2
2026-02-10,601318,13:17:43,68.0800,29,2
2026-02-10,601318,13:17:46,68.0800,7,2
2026-02-10,601318,13:17:49,68.0900,23,1
2026-02-10,601318,13:17:52,68.0900,50,1
2026-02-10,601318,13:17:55,68.0800,64,2
2026-02-10,601318,13:17:58,68.0900,7,4
2026-02-10,601318,13:18:01,68.0800,21,2
2026-02-10,601318,13:18:04,68.0800,171,2
2026-02-10,601318,13:18:07,68.0800,349,2
2026-02-10,601318,13:18:10,68.0600,178,2
2026-02-10,601318,13:18:13,68.0600,61,2
2026-02-10,601318,13:18:16,68.0600,344,2
2026-02-10,601318,13:18:19,68.0600,115,2
2026-02-10,601318,13:18:22,68.0600,66,1
2026-02-10,601318,13:18:25,68.0500,61,2
2026-02-10,601318,13:18:28,68.0600,11,1
2026-02-10,601318,13:18:31,68.0600,12,1
2026-02-10,601318,13:18:34,68.0500,13,2
2026-02-10,601318,13:18:37,68.0400,155,2
2026-02-10,601318,13:18:40,68.0500,68,2
2026-02-10,601318,13:18:43,68.0500,41,2
2026-02-10,601318,13:18:46,68.0400,31,2
2026-02-10,601318,13:18:52,68.0400,10,2
2026-02-10,601318,13:18:55,68.0400,78,2
2026-02-10,601318,13:18:58,68.0600,43,1
2026-02-10,601318,13:19:01,68.0600,19,1
2026-02-10,601318,13:19:04,68.0400,38,2
2026-02-10,601318,13:19:07,68.0500,54,4
2026-02-10,601318,13:19:10,68.0300,18,2
2026-02-10,601318,13:19:13,68.0400,57,1
2026-02-10,601318,13:19:16,68.0300,16,2
2026-02-10,601318,13:19:19,68.0300,17,2
2026-02-10,601318,13:19:22,68.0500,41,1
2026-02-10,601318,13:19:25,68.0400,42,4
2026-02-10,601318,13:19:28,68.0800,646,1
2026-02-10,601318,13:19:31,68.0500,217,2
2026-02-10,601318,13:19:34,68.0800,50,1
2026-02-10,601318,13:19:37,68.0500,74,2
2026-02-10,601318,13:19:40,68.1100,60,1
2026-02-10,601318,13:19:43,68.0600,53,2
2026-02-10,601318,13:19:46,68.0700,33,1
2026-02-10,601318,13:19:49,68.0700,68,1
2026-02-10,601318,13:19:52,68.0600,336,2
2026-02-10,601318,13:19:55,68.0700,57,4
2026-02-10,601318,13:19:58,68.0700,7,2
2026-02-10,601318,13:20:01,68.0700,48,2
2026-02-10,601318,13:20:04,68.0700,120,2
2026-02-10,601318,13:20:07,68.1100,80,1
2026-02-10,601318,13:20:10,68.0600,155,2
2026-02-10,601318,13:20:13,68.0800,38,2
2026-02-10,601318,13:20:16,68.0800,65,2
2026-02-10,601318,13:20:19,68.0900,7,1
2026-02-10,601318,13:20:22,68.0800,31,2
2026-02-10,601318,13:20:25,68.0700,58,2
2026-02-10,601318,13:20:28,68.0600,94,2
2026-02-10,601318,13:20:31,68.0700,43,1
2026-02-10,601318,13:20:34,68.0600,25,2
2026-02-10,601318,13:20:37,68.0600,237,2
2026-02-10,601318,13:20:40,68.0500,7,2
2026-02-10,601318,13:20:43,68.0600,42,1
2026-02-10,601318,13:20:46,68.0400,18,2
2026-02-10,601318,13:20:49,68.0600,17,1
2026-02-10,601318,13:20:52,68.0400,28,2
2026-02-10,601318,13:20:55,68.0400,9,2
2026-02-10,601318,13:20:58,68.0600,2,1
2026-02-10,601318,13:21:01,68.0500,39,2
2026-02-10,601318,13:21:04,68.0600,51,1
2026-02-10,601318,13:21:07,68.0600,146,1
2026-02-10,601318,13:21:10,68.0700,160,1
2026-02-10,601318,13:21:13,68.0600,127,2
2026-02-10,601318,13:21:16,68.0800,76,2
2026-02-10,601318,13:21:19,68.0800,29,2
2026-02-10,601318,13:21:22,68.0800,139,1
2026-02-10,601318,13:21:25,68.1000,3,1
2026-02-10,601318,13:21:28,68.0800,238,2
2026-02-10,601318,13:21:31,68.0900,168,2
2026-02-10,601318,13:21:34,68.1100,27,2
2026-02-10,601318,13:21:37,68.1500,13,1
2026-02-10,601318,13:21:43,68.1100,55,2
2026-02-10,601318,13:21:46,68.1100,26,2
2026-02-10,601318,13:21:49,68.1100,86,1
2026-02-10,601318,13:21:52,68.1000,81,4
2026-02-10,601318,13:21:55,68.0900,152,2
2026-02-10,601318,13:21:58,68.1000,35,1
2026-02-10,601318,13:22:01,68.0800,726,2
2026-02-10,601318,13:22:04,68.0800,109,2
2026-02-10,601318,13:22:07,68.0800,9,2
2026-02-10,601318,13:22:10,68.0800,14,2
2026-02-10,601318,13:22:13,68.0700,84,2
2026-02-10,601318,13:22:16,68.1000,14,1
2026-02-10,601318,13:22:19,68.0900,3,2
2026-02-10,601318,13:22:22,68.0900,101,2
2026-02-10,601318,13:22:25,68.1000,122,2
2026-02-10,601318,13:22:28,68.1400,64,1
2026-02-10,601318,13:22:31,68.1100,3,2
2026-02-10,601318,13:22:34,68.1100,90,2
2026-02-10,601318,13:22:37,68.1200,55,2
2026-02-10,601318,13:22:40,68.1300,323,4
2026-02-10,601318,13:22:43,68.1200,74,2
2026-02-10,601318,13:22:46,68.1200,6,2
2026-02-10,601318,13:22:49,68.1100,74,2
2026-02-10,601318,13:22:52,68.1200,36,2
2026-02-10,601318,13:22:55,68.1500,8,1
2026-02-10,601318,13:22:58,68.1300,11,2
2026-02-10,601318,13:23:01,68.1300,10,1
2026-02-10,601318,13:23:04,68.1200,79,2
2026-02-10,601318,13:23:07,68.1300,19,1
2026-02-10,601318,13:23:10,68.1200,4,4
2026-02-10,601318,13:23:13,68.1100,58,2
2026-02-10,601318,13:23:16,68.1100,8,2
2026-02-10,601318,13:23:19,68.1300,11,1
2026-02-10,601318,13:23:22,68.1100,15,2
2026-02-10,601318,13:23:25,68.1200,23,1
2026-02-10,601318,13:23:28,68.1200,176,4
2026-02-10,601318,13:23:31,68.1200,18,2
2026-02-10,601318,13:23:34,68.1000,36,2
2026-02-10,601318,13:23:40,68.1000,20,2
2026-02-10,601318,13:23:43,68.1200,11,4
2026-02-10,601318,13:23:46,68.1200,41,2
2026-02-10,601318,13:23:49,68.1000,92,2
2026-02-10,601318,13:23:52,68.1200,150,1
2026-02-10,601318,13:23:55,68.1000,14,2
2026-02-10,601318,13:23:58,68.1000,21,2
2026-02-10,601318,13:24:01,68.1000,92,2
2026-02-10,601318,13:24:04,68.1000,55,2
2026-02-10,601318,13:24:10,68.1000,4,2
2026-02-10,601318,13:24:13,68.1000,72,2
2026-02-10,601318,13:24:16,68.1100,42,1
2026-02-10,601318,13:24:19,68.1000,23,2
2026-02-10,601318,13:24:22,68.1100,30,1
2026-02-10,601318,13:24:25,68.1100,51,2
2026-02-10,601318,13:24:28,68.1000,92,2
2026-02-10,601318,13:24:31,68.0900,216,2
2026-02-10,601318,13:24:34,68.0800,39,2
2026-02-10,601318,13:24:37,68.0800,68,2
2026-02-10,601318,13:24:40,68.0800,162,2
2026-02-10,601318,13:24:43,68.0800,170,2
2026-02-10,601318,13:24:46,68.0900,36,4
2026-02-10,601318,13:24:49,68.1000,10,1
2026-02-10,601318,13:24:52,68.1000,5,1
2026-02-10,601318,13:24:55,68.1000,20,1
2026-02-10,601318,13:24:58,68.0900,32,2
2026-02-10,601318,13:25:01,68.0900,25,2
2026-02-10,601318,13:25:04,68.0900,21,2
2026-02-10,601318,13:25:07,68.0800,51,2
2026-02-10,601318,13:25:10,68.0800,21,2
2026-02-10,601318,13:25:13,68.0800,67,2
2026-02-10,601318,13:25:16,68.0700,36,2
2026-02-10,601318,13:25:19,68.0900,11,1
2026-02-10,601318,13:25:22,68.0900,42,1
2026-02-10,601318,13:25:25,68.0700,41,2
2026-02-10,601318,13:25:28,68.1000,51,1
2026-02-10,601318,13:25:31,68.1000,3,2
2026-02-10,601318,13:25:34,68.1100,16,1
2026-02-10,601318,13:25:37,68.1100,161,1
2026-02-10,601318,13:25:40,68.1300,19,1
2026-02-10,601318,13:25:43,68.1300,10,2
2026-02-10,601318,13:25:46,68.1000,287,2
2026-02-10,601318,13:25:52,68.1100,38,2
2026-02-10,601318,13:25:55,68.1300,29,4
2026-02-10,601318,13:25:58,68.1200,28,2
2026-02-10,601318,13:26:01,68.1300,6,1
2026-02-10,601318,13:26:04,68.1200,63,2
2026-02-10,601318,13:26:07,68.1400,205,1
2026-02-10,601318,13:26:10,68.1300,34,1
2026-02-10,601318,13:26:13,68.1000,119,2
2026-02-10,601318,13:26:16,68.1000,45,2
2026-02-10,601318,13:26:19,68.1200,167,1
2026-02-10,601318,13:26:22,68.1100,24,1
2026-02-10,601318,13:26:25,68.1300,38,1
2026-02-10,601318,13:26:28,68.1100,15,4
2026-02-10,601318,13:26:31,68.0900,126,2
2026-02-10,601318,13:26:34,68.0800,144,2
2026-02-10,601318,13:26:37,68.0900,121,1
2026-02-10,601318,13:26:40,68.0900,242,1
2026-02-10,601318,13:26:43,68.0900,179,1
2026-02-10,601318,13:26:46,68.0800,7,2
2026-02-10,601318,13:26:49,68.0900,5,2
2026-02-10,601318,13:26:52,68.0800,43,2
2026-02-10,601318,13:26:55,68.0800,33,2
2026-02-10,601318,13:26:58,68.0800,11,2
2026-02-10,601318,13:27:01,68.0700,31,2
2026-02-10,601318,13:27:04,68.0800,159,1
2026-02-10,601318,13:27:07,68.0800,51,2
2026-02-10,601318,13:27:10,68.0700,33,2
2026-02-10,601318,13:27:13,68.0800,41,1
2026-02-10,601318,13:27:16,68.0700,24,2
2026-02-10,601318,13:27:19,68.0700,78,2
2026-02-10,601318,13:27:22,68.0800,13,1
2026-02-10,601318,13:27:25,68.0700,51,2
2026-02-10,601318,13:27:28,68.0800,48,1
2026-02-10,601318,13:27:31,68.0800,23,2
2026-02-10,601318,13:27:34,68.0700,37,2
2026-02-10,601318,13:27:37,68.0900,84,1
2026-02-10,601318,13:27:40,68.0700,42,2
2026-02-10,601318,13:27:43,68.0700,18,2
2026-02-10,601318,13:27:46,68.0700,17,2
2026-02-10,601318,13:27:49,68.0800,55,1
2026-02-10,601318,13:27:52,68.0800,32,2
2026-02-10,601318,13:27:55,68.0800,49,2
2026-02-10,601318,13:27:58,68.0900,35,1
2026-02-10,601318,13:28:01,68.0800,20,2
2026-02-10,601318,13:28:04,68.0800,25,2
2026-02-10,601318,13:28:07,68.0800,19,2
2026-02-10,601318,13:28:10,68.0900,133,1
2026-02-10,601318,13:28:13,68.1100,19,1
2026-02-10,601318,13:28:16,68.0800,41,2
2026-02-10,601318,13:28:19,68.0900,40,1
2026-02-10,601318,13:28:22,68.0800,44,2
2026-02-10,601318,13:28:25,68.0800,38,2
2026-02-10,601318,13:28:28,68.1100,12,1
2026-02-10,601318,13:28:31,68.0800,104,2
2026-02-10,601318,13:28:34,68.0800,23,2
2026-02-10,601318,13:28:37,68.0700,41,2
2026-02-10,601318,13:28:40,68.0800,82,1
2026-02-10,601318,13:28:43,68.0700,24,2
2026-02-10,601318,13:28:46,68.0700,171,2
2026-02-10,601318,13:28:49,68.0700,75,2
2026-02-10,601318,13:28:52,68.0800,18,4
2026-02-10,601318,13:28:55,68.0700,28,2
2026-02-10,601318,13:28:58,68.0700,70,2
2026-02-10,601318,13:29:01,68.0700,15,2
2026-02-10,601318,13:29:04,68.0700,51,2
2026-02-10,601318,13:29:07,68.0700,94,2
2026-02-10,601318,13:29:10,68.0700,148,1
2026-02-10,601318,13:29:13,68.0700,261,1
2026-02-10,601318,13:29:16,68.0600,108,2
2026-02-10,601318,13:29:19,68.0600,87,2
2026-02-10,601318,13:29:22,68.0600,125,2
2026-02-10,601318,13:29:25,68.0900,28,1
2026-02-10,601318,13:29:28,68.1100,11,1
2026-02-10,601318,13:29:31,68.0700,6,2
2026-02-10,601318,13:29:34,68.0600,53,2
2026-02-10,601318,13:29:37,68.0700,43,2
2026-02-10,601318,13:29:40,68.1000,57,1
2026-02-10,601318,13:29:43,68.0700,44,2
2026-02-10,601318,13:29:46,68.0700,137,2
2026-02-10,601318,13:29:49,68.0800,14,2
2026-02-10,601318,13:29:52,68.1200,265,1
2026-02-10,601318,13:29:55,68.0700,206,2
2026-02-10,601318,13:29:58,68.0700,33,2
2026-02-10,601318,13:30:01,68.0700,28,2
2026-02-10,601318,13:30:04,68.0700,63,2
2026-02-10,601318,13:30:07,68.0600,130,2
2026-02-10,601318,13:30:10,68.0500,271,2
2026-02-10,601318,13:30:13,68.0500,211,2
2026-02-10,601318,13:30:16,68.0500,153,2
2026-02-10,601318,13:30:19,68.0500,11,2
2026-02-10,601318,13:30:22,68.0700,55,1
2026-02-10,601318,13:30:25,68.0500,42,2
2026-02-10,601318,13:30:28,68.0700,26,1
2026-02-10,601318,13:30:31,68.0800,164,1
2026-02-10,601318,13:30:34,68.0800,32,1
2026-02-10,601318,13:30:37,68.0800,40,1
2026-02-10,601318,13:30:40,68.0800,30,2
2026-02-10,601318,13:30:43,68.1300,88,1
2026-02-10,601318,13:30:46,68.0700,42,2
2026-02-10,601318,13:30:49,68.1300,69,1
2026-02-10,601318,13:30:52,68.0600,53,2
2026-02-10,601318,13:30:55,68.0700,20,2
2026-02-10,601318,13:30:58,68.0700,62,2
2026-02-10,601318,13:31:01,68.0700,102,2
2026-02-10,601318,13:31:04,68.0700,10,2
2026-02-10,601318,13:31:07,68.0800,99,4
2026-02-10,601318,13:31:10,68.0800,20,1
2026-02-10,601318,13:31:13,68.0800,18,1
2026-02-10,601318,13:31:16,68.1000,153,1
2026-02-10,601318,13:31:19,68.0700,5,2
2026-02-10,601318,13:31:22,68.0700,18,2
2026-02-10,601318,13:31:25,68.0700,123,2
2026-02-10,601318,13:31:28,68.0700,79,2
2026-02-10,601318,13:31:31,68.1000,15,1
2026-02-10,601318,13:31:34,68.1000,15,2
2026-02-10,601318,13:31:37,68.1000,10,1
2026-02-10,601318,13:31:40,68.0800,52,2
2026-02-10,601318,13:31:43,68.0900,11,2
2026-02-10,601318,13:31:46,68.1100,41,1
2026-02-10,601318,13:31:49,68.0800,1,2
2026-02-10,601318,13:31:52,68.0800,60,2
2026-02-10,601318,13:31:55,68.0800,15,2
2026-02-10,601318,13:31:58,68.0800,56,2
2026-02-10,601318,13:32:01,68.0800,30,2
2026-02-10,601318,13:32:07,68.0900,81,1
2026-02-10,601318,13:32:10,68.0800,51,2
2026-02-10,601318,13:32:13,68.0800,28,2
2026-02-10,601318,13:32:16,68.1100,56,1
2026-02-10,601318,13:32:19,68.1000,42,2
2026-02-10,601318,13:32:22,68.0800,60,2
2026-02-10,601318,13:32:25,68.0700,325,2
2026-02-10,601318,13:32:28,68.0800,47,2
2026-02-10,601318,13:32:31,68.1000,51,1
2026-02-10,601318,13:32:34,68.0700,44,2
2026-02-10,601318,13:32:37,68.0800,56,1
2026-02-10,601318,13:32:40,68.0900,38,1
2026-02-10,601318,13:32:43,68.1100,86,1
2026-02-10,601318,13:32:46,68.1200,98,1
2026-02-10,601318,13:32:49,68.1100,8,1
2026-02-10,601318,13:32:52,68.1200,56,1
2026-02-10,601318,13:32:55,68.1000,262,2
2026-02-10,601318,13:32:58,68.1200,60,1
2026-02-10,601318,13:33:01,68.1000,24,2
2026-02-10,601318,13:33:04,68.1500,86,1
2026-02-10,601318,13:33:07,68.1500,40,1
2026-02-10,601318,13:33:10,68.1000,13,2
2026-02-10,601318,13:33:13,68.1000,27,2
2026-02-10,601318,13:33:16,68.1500,47,1
2026-02-10,601318,13:33:19,68.1500,11,1
2026-02-10,601318,13:33:22,68.1000,60,2
2026-02-10,601318,13:33:25,68.1900,159,1
2026-02-10,601318,13:33:28,68.1200,218,2
2026-02-10,601318,13:33:31,68.1000,39,2
2026-02-10,601318,13:33:34,68.1800,38,1
2026-02-10,601318,13:33:37,68.1000,26,2
2026-02-10,601318,13:33:40,68.1700,2,1
2026-02-10,601318,13:33:43,68.1200,62,1
2026-02-10,601318,13:33:46,68.2000,261,1
2026-02-10,601318,13:33:49,68.0900,201,2
2026-02-10,601318,13:33:52,68.1000,65,2
2026-02-10,601318,13:33:55,68.1200,1,1
2026-02-10,601318,13:33:58,68.1000,19,2
2026-02-10,601318,13:34:01,68.1600,20,1
2026-02-10,601318,13:34:04,68.1200,6,2
2026-02-10,601318,13:34:07,68.1200,67,2
2026-02-10,601318,13:34:10,68.1900,95,1
2026-02-10,601318,13:34:13,68.1600,87,2
2026-02-10,601318,13:34:16,68.1800,16,1
2026-02-10,601318,13:34:19,68.1600,44,2
2026-02-10,601318,13:34:22,68.1300,838,2
2026-02-10,601318,13:34:25,68.1700,106,1
2026-02-10,601318,13:34:29,68.1600,10,1
2026-02-10,601318,13:34:31,68.1800,109,1
2026-02-10,601318,13:34:34,68.1800,7,2
2026-02-10,601318,13:34:37,68.1800,101,2
2026-02-10,601318,13:34:40,68.1800,10,2
2026-02-10,601318,13:34:43,68.1700,34,2
2026-02-10,601318,13:34:46,68.1800,13,2
2026-02-10,601318,13:34:49,68.1800,25,1
2026-02-10,601318,13:34:52,68.1700,11,2
2026-02-10,601318,13:34:55,68.1600,759,2
2026-02-10,601318,13:34:58,68.1600,198,2
2026-02-10,601318,13:35:01,68.1500,160,1
2026-02-10,601318,13:35:04,68.1800,51,1
2026-02-10,601318,13:35:07,68.1500,18,2
2026-02-10,601318,13:35:10,68.1500,54,2
2026-02-10,601318,13:35:13,68.1600,10,2
2026-02-10,601318,13:35:16,68.1500,78,2
2026-02-10,601318,13:35:19,68.1500,58,2
2026-02-10,601318,13:35:22,68.1400,20,2
2026-02-10,601318,13:35:25,68.1700,27,1
2026-02-10,601318,13:35:28,68.1500,38,1
2026-02-10,601318,13:35:31,68.1500,13,2
2026-02-10,601318,13:35:34,68.1100,108,2
2026-02-10,601318,13:35:37,68.1400,33,1
2026-02-10,601318,13:35:40,68.1200,6,2
2026-02-10,601318,13:35:43,68.1400,119,1
2026-02-10,601318,13:35:46,68.1700,54,1
2026-02-10,601318,13:35:49,68.1300,211,2
2026-02-10,601318,13:35:52,68.1400,22,4
2026-02-10,601318,13:35:55,68.1200,28,2
2026-02-10,601318,13:36:01,68.1200,36,2
2026-02-10,601318,13:36:04,68.1200,135,2
2026-02-10,601318,13:36:07,68.1200,85,2
2026-02-10,601318,13:36:10,68.1200,22,1
2026-02-10,601318,13:36:13,68.1100,96,2
2026-02-10,601318,13:36:16,68.1700,20,1
2026-02-10,601318,13:36:19,68.1700,32,1
2026-02-10,601318,13:36:22,68.1000,35,2
2026-02-10,601318,13:36:25,68.1100,16,2
2026-02-10,601318,13:36:28,68.1700,29,1
2026-02-10,601318,13:36:31,68.1100,28,2
2026-02-10,601318,13:36:34,68.1100,27,2
2026-02-10,601318,13:36:37,68.1000,44,2
2026-02-10,601318,13:36:40,68.1800,31,1
2026-02-10,601318,13:36:43,68.1300,29,2
2026-02-10,601318,13:36:46,68.1700,39,1
2026-02-10,601318,13:36:49,68.1400,269,2
2026-02-10,601318,13:36:52,68.1500,59,2
2026-02-10,601318,13:36:55,68.1900,47,1
2026-02-10,601318,13:36:58,68.1500,44,2
2026-02-10,601318,13:37:01,68.1600,26,2
2026-02-10,601318,13:37:04,68.1700,6,2
2026-02-10,601318,13:37:07,68.2100,98,1
2026-02-10,601318,13:37:10,68.2100,60,1
2026-02-10,601318,13:37:13,68.1700,12,2
2026-02-10,601318,13:37:16,68.2100,15,1
2026-02-10,601318,13:37:19,68.1900,8,1
2026-02-10,601318,13:37:22,68.1700,40,2
2026-02-10,601318,13:37:25,68.1500,156,2
2026-02-10,601318,13:37:28,68.1600,63,2
2026-02-10,601318,13:37:31,68.1800,47,1
2026-02-10,601318,13:37:34,68.1800,40,4
2026-02-10,601318,13:37:37,68.1900,10,1
2026-02-10,601318,13:37:40,68.1800,95,2
2026-02-10,601318,13:37:43,68.1800,55,2
2026-02-10,601318,13:37:46,68.2300,169,1
2026-02-10,601318,13:37:49,68.2000,26,2
2026-02-10,601318,13:37:52,68.2500,227,1
2026-02-10,601318,13:37:55,68.2500,199,1
2026-02-10,601318,13:37:58,68.2500,77,1
2026-02-10,601318,13:38:01,68.2500,127,1
2026-02-10,601318,13:38:04,68.2600,160,1
2026-02-10,601318,13:38:07,68.2700,51,1
2026-02-10,601318,13:38:10,68.2700,10,2
2026-02-10,601318,13:38:13,68.2700,197,2
2026-02-10,601318,13:38:16,68.2900,283,1
2026-02-10,601318,13:38:19,68.3000,231,1
2026-02-10,601318,13:38:22,68.2900,264,2
2026-02-10,601318,13:38:25,68.3200,77,1
2026-02-10,601318,13:38:28,68.3300,135,1
2026-02-10,601318,13:38:31,68.3400,135,1
2026-02-10,601318,13:38:34,68.3400,70,1
2026-02-10,601318,13:38:37,68.3500,105,1
2026-02-10,601318,13:38:40,68.3500,163,1
2026-02-10,601318,13:38:43,68.3200,234,2
2026-02-10,601318,13:38:46,68.3500,196,1
2026-02-10,601318,13:38:49,68.3200,495,2
2026-02-10,601318,13:38:52,68.3400,185,1
2026-02-10,601318,13:38:55,68.2900,304,2
2026-02-10,601318,13:38:58,68.2800,244,2
2026-02-10,601318,13:39:01,68.2600,201,2
2026-02-10,601318,13:39:04,68.2700,221,2
2026-02-10,601318,13:39:07,68.3400,146,1
2026-02-10,601318,13:39:10,68.2700,94,2
2026-02-10,601318,13:39:13,68.2800,38,2
2026-02-10,601318,13:39:16,68.2900,8,2
2026-02-10,601318,13:39:19,68.2700,82,2
2026-02-10,601318,13:39:22,68.3200,45,1
2026-02-10,601318,13:39:25,68.2700,13,2
2026-02-10,601318,13:39:28,68.2700,28,2
2026-02-10,601318,13:39:31,68.2300,297,2
2026-02-10,601318,13:39:34,68.2300,41,2
2026-02-10,601318,13:39:37,68.2300,11,2
2026-02-10,601318,13:39:40,68.2100,146,2
2026-02-10,601318,13:39:43,68.2100,37,1
2026-02-10,601318,13:39:46,68.2000,44,2
2026-02-10,601318,13:39:49,68.2100,16,2
2026-02-10,601318,13:39:52,68.2200,22,2
2026-02-10,601318,13:39:55,68.2000,24,2
2026-02-10,601318,13:39:58,68.2100,8,4
2026-02-10,601318,13:40:01,68.2000,20,2
2026-02-10,601318,13:40:04,68.1900,103,2
2026-02-10,601318,13:40:07,68.1800,10,2
2026-02-10,601318,13:40:10,68.1800,250,2
2026-02-10,601318,13:40:13,68.1700,192,2
2026-02-10,601318,13:40:16,68.1500,28,2
2026-02-10,601318,13:40:19,68.1700,1255,1
2026-02-10,601318,13:40:22,68.1800,93,1
2026-02-10,601318,13:40:25,68.1900,65,4
2026-02-10,601318,13:40:28,68.2000,57,1
2026-02-10,601318,13:40:31,68.2400,56,1
2026-02-10,601318,13:40:34,68.1700,49,2
2026-02-10,601318,13:40:37,68.2000,82,2
2026-02-10,601318,13:40:40,68.2400,32,1
2026-02-10,601318,13:40:43,68.1700,119,2
2026-02-10,601318,13:40:46,68.2100,40,2
2026-02-10,601318,13:40:49,68.2200,17,1
2026-02-10,601318,13:40:52,68.1900,14,2
2026-02-10,601318,13:40:55,68.1900,32,2
2026-02-10,601318,13:40:58,68.1900,102,2
2026-02-10,601318,13:41:01,68.2100,51,1
2026-02-10,601318,13:41:04,68.2100,41,2
2026-02-10,601318,13:41:07,68.2500,30,1
2026-02-10,601318,13:41:10,68.2300,17,2
2026-02-10,601318,13:41:13,68.2100,56,2
2026-02-10,601318,13:41:16,68.2400,47,1
2026-02-10,601318,13:41:19,68.2400,25,1
2026-02-10,601318,13:41:22,68.2200,25,2
2026-02-10,601318,13:41:25,68.2200,84,2
2026-02-10,601318,13:41:28,68.2000,153,2
2026-02-10,601318,13:41:31,68.1900,166,2
2026-02-10,601318,13:41:34,68.1900,210,1
2026-02-10,601318,13:41:37,68.2200,197,1
2026-02-10,601318,13:41:40,68.2300,47,1
2026-02-10,601318,13:41:43,68.2200,68,2
2026-02-10,601318,13:41:46,68.1900,126,2
2026-02-10,601318,13:41:49,68.2100,38,1
2026-02-10,601318,13:41:52,68.1800,49,2
2026-02-10,601318,13:41:55,68.1900,34,1
2026-02-10,601318,13:41:58,68.1900,23,4
2026-02-10,601318,13:42:01,68.1900,45,1
2026-02-10,601318,13:42:04,68.2300,52,1
2026-02-10,601318,13:42:07,68.1600,30,2
2026-02-10,601318,13:42:10,68.1800,43,1
2026-02-10,601318,13:42:13,68.1900,280,1
2026-02-10,601318,13:42:16,68.1500,16,2
2026-02-10,601318,13:42:19,68.1500,9,2
2026-02-10,601318,13:42:22,68.1500,14,2
2026-02-10,601318,13:42:25,68.1400,50,2
2026-02-10,601318,13:42:28,68.1500,12,1
2026-02-10,601318,13:42:31,68.1400,11,2
2026-02-10,601318,13:42:34,68.1400,31,2
2026-02-10,601318,13:42:37,68.1400,51,2
2026-02-10,601318,13:42:40,68.1300,39,2
2026-02-10,601318,13:42:43,68.1300,71,2
2026-02-10,601318,13:42:46,68.1400,6,1
2026-02-10,601318,13:42:49,68.1400,10,1
2026-02-10,601318,13:42:52,68.1600,35,1
2026-02-10,601318,13:42:55,68.1600,24,1
2026-02-10,601318,13:42:58,68.1400,251,2
2026-02-10,601318,13:43:01,68.1500,26,2
2026-02-10,601318,13:43:04,68.1300,64,2
2026-02-10,601318,13:43:07,68.1400,10,4
2026-02-10,601318,13:43:13,68.1300,110,2
2026-02-10,601318,13:43:16,68.1500,27,1
2026-02-10,601318,13:43:19,68.1400,38,2
2026-02-10,601318,13:43:22,68.1400,10,2
2026-02-10,601318,13:43:25,68.1400,10,2
2026-02-10,601318,13:43:28,68.1400,3,2
2026-02-10,601318,13:43:31,68.1300,71,2
2026-02-10,601318,13:43:34,68.1300,8,2
2026-02-10,601318,13:43:37,68.1600,11,1
2026-02-10,601318,13:43:40,68.1400,12,2
2026-02-10,601318,13:43:43,68.1300,47,2
2026-02-10,601318,13:43:46,68.1300,2,2
2026-02-10,601318,13:43:49,68.1300,47,2
2026-02-10,601318,13:43:52,68.1400,1,4
2026-02-10,601318,13:43:55,68.1300,10,2
2026-02-10,601318,13:43:58,68.1300,403,2
2026-02-10,601318,13:44:01,68.1200,70,2
2026-02-10,601318,13:44:04,68.1500,40,1
2026-02-10,601318,13:44:07,68.1500,324,1
2026-02-10,601318,13:44:10,68.1600,1,1
2026-02-10,601318,13:44:13,68.1300,13,2
2026-02-10,601318,13:44:16,68.1300,22,2
2026-02-10,601318,13:44:19,68.1300,12,2
2026-02-10,601318,13:44:22,68.1200,10,2
2026-02-10,601318,13:44:25,68.1200,45,2
2026-02-10,601318,13:44:28,68.1200,5,2
2026-02-10,601318,13:44:31,68.1300,9,1
2026-02-10,601318,13:44:34,68.1300,43,1
2026-02-10,601318,13:44:37,68.1200,10,2
2026-02-10,601318,13:44:40,68.1200,41,2
2026-02-10,601318,13:44:43,68.1100,154,2
2026-02-10,601318,13:44:46,68.1100,33,2
2026-02-10,601318,13:44:49,68.1200,1,1
2026-02-10,601318,13:44:52,68.1200,40,1
2026-02-10,601318,13:44:55,68.1100,13,2
2026-02-10,601318,13:44:58,68.1100,11,2
2026-02-10,601318,13:45:01,68.1200,94,1
2026-02-10,601318,13:45:04,68.1000,187,2
2026-02-10,601318,13:45:07,68.1000,12,2
2026-02-10,601318,13:45:10,68.1000,227,2
2026-02-10,601318,13:45:13,68.0900,419,2
2026-02-10,601318,13:45:16,68.0900,72,2
2026-02-10,601318,13:45:19,68.0900,14,2
2026-02-10,601318,13:45:22,68.0900,15,2
2026-02-10,601318,13:45:25,68.0900,16,2
2026-02-10,601318,13:45:28,68.0900,12,2
2026-02-10,601318,13:45:31,68.0900,21,2
2026-02-10,601318,13:45:34,68.0800,38,2
2026-02-10,601318,13:45:37,68.0900,3,1
2026-02-10,601318,13:45:40,68.0800,13,2
2026-02-10,601318,13:45:43,68.0900,29,1
2026-02-10,601318,13:45:46,68.0900,144,1
2026-02-10,601318,13:45:49,68.0900,578,2
2026-02-10,601318,13:45:52,68.1000,95,1
2026-02-10,601318,13:45:55,68.1000,154,2
2026-02-10,601318,13:45:58,68.1300,53,1
2026-02-10,601318,13:46:01,68.1500,47,1
2026-02-10,601318,13:46:04,68.1500,36,1
2026-02-10,601318,13:46:07,68.1300,20,2
2026-02-10,601318,13:46:10,68.1200,2,2
2026-02-10,601318,13:46:13,68.1300,31,1
2026-02-10,601318,13:46:16,68.1300,49,1
2026-02-10,601318,13:46:19,68.1400,62,1
2026-02-10,601318,13:46:22,68.1200,843,2
2026-02-10,601318,13:46:25,68.1000,45,2
2026-02-10,601318,13:46:28,68.0900,14,2
2026-02-10,601318,13:46:31,68.1000,22,2
2026-02-10,601318,13:46:34,68.1000,16,2
2026-02-10,601318,13:46:37,68.1500,41,1
2026-02-10,601318,13:46:40,68.1000,2,2
2026-02-10,601318,13:46:43,68.1000,76,2
2026-02-10,601318,13:46:46,68.1200,40,1
2026-02-10,601318,13:46:49,68.1000,160,2
2026-02-10,601318,13:46:52,68.1300,11,1
2026-02-10,601318,13:46:55,68.1300,16,2
2026-02-10,601318,13:46:58,68.1500,63,1
2026-02-10,601318,13:47:01,68.1300,4,1
2026-02-10,601318,13:47:04,68.1100,13,2
2026-02-10,601318,13:47:07,68.1100,10,2
2026-02-10,601318,13:47:10,68.1300,14,1
2026-02-10,601318,13:47:13,68.1000,23,2
2026-02-10,601318,13:47:16,68.1100,28,4
2026-02-10,601318,13:47:19,68.1200,28,1
2026-02-10,601318,13:47:22,68.1000,21,2
2026-02-10,601318,13:47:25,68.1000,18,2
2026-02-10,601318,13:47:28,68.1000,5,2
2026-02-10,601318,13:47:31,68.1200,8,1
2026-02-10,601318,13:47:34,68.1100,17,2
2026-02-10,601318,13:47:37,68.1100,9,1
2026-02-10,601318,13:47:40,68.1100,81,1
2026-02-10,601318,13:47:43,68.1000,312,2
2026-02-10,601318,13:47:46,68.0900,46,2
2026-02-10,601318,13:47:49,68.1000,53,1
2026-02-10,601318,13:47:52,68.0900,210,2
2026-02-10,601318,13:47:55,68.0900,40,2
2026-02-10,601318,13:47:58,68.0900,53,2
2026-02-10,601318,13:48:01,68.1000,3,1
2026-02-10,601318,13:48:04,68.1000,263,1
2026-02-10,601318,13:48:07,68.1100,19,1
2026-02-10,601318,13:48:13,68.0900,41,2
2026-02-10,601318,13:48:16,68.0900,10,2
2026-02-10,601318,13:48:19,68.0900,127,2
2026-02-10,601318,13:48:22,68.0800,38,2
2026-02-10,601318,13:48:25,68.0800,128,2
2026-02-10,601318,13:48:28,68.0800,127,2
2026-02-10,601318,13:48:31,68.0900,8,1
2026-02-10,601318,13:48:34,68.0900,11,2
2026-02-10,601318,13:48:37,68.0900,53,1
2026-02-10,601318,13:48:40,68.0900,50,2
2026-02-10,601318,13:48:43,68.1000,18,1
2026-02-10,601318,13:48:46,68.1000,26,1
2026-02-10,601318,13:48:49,68.0900,3,2
2026-02-10,601318,13:48:52,68.1000,98,1
2026-02-10,601318,13:48:55,68.1100,325,1
2026-02-10,601318,13:48:58,68.1000,17,2
2026-02-10,601318,13:49:01,68.1200,80,1
2026-02-10,601318,13:49:04,68.0900,140,2
2026-02-10,601318,13:49:07,68.1000,10,1
2026-02-10,601318,13:49:10,68.1000,5,1
2026-02-10,601318,13:49:13,68.1000,41,1
2026-02-10,601318,13:49:16,68.0900,31,2
2026-02-10,601318,13:49:19,68.1200,50,1
2026-02-10,601318,13:49:22,68.0900,9,2
2026-02-10,601318,13:49:25,68.0900,37,2
2026-02-10,601318,13:49:28,68.1000,2,1
2026-02-10,601318,13:49:31,68.1000,16,1
2026-02-10,601318,13:49:34,68.0900,12,2
2026-02-10,601318,13:49:37,68.0900,24,2
2026-02-10,601318,13:49:40,68.0900,15,2
2026-02-10,601318,13:49:43,68.1000,34,1
2026-02-10,601318,13:49:46,68.0900,127,2
2026-02-10,601318,13:49:49,68.1200,74,1
2026-02-10,601318,13:49:52,68.1000,84,2
2026-02-10,601318,13:49:55,68.1000,31,1
2026-02-10,601318,13:49:58,68.0900,44,2
2026-02-10,601318,13:50:01,68.0900,53,2
2026-02-10,601318,13:50:04,68.0900,2,2
2026-02-10,601318,13:50:07,68.0900,5,2
2026-02-10,601318,13:50:10,68.0900,54,2
2026-02-10,601318,13:50:13,68.1000,25,1
2026-02-10,601318,13:50:16,68.0900,1,2
2026-02-10,601318,13:50:19,68.0900,19,2
2026-02-10,601318,13:50:22,68.0900,29,2
2026-02-10,601318,13:50:25,68.0900,47,2
2026-02-10,601318,13:50:28,68.0800,11,2
2026-02-10,601318,13:50:31,68.0900,22,1
2026-02-10,601318,13:50:34,68.0900,60,1
2026-02-10,601318,13:50:37,68.0900,147,1
2026-02-10,601318,13:50:40,68.0900,30,1
2026-02-10,601318,13:50:43,68.0900,39,1
2026-02-10,601318,13:50:46,68.1000,157,1
2026-02-10,601318,13:50:49,68.1100,1,1
2026-02-10,601318,13:50:52,68.1100,26,1
2026-02-10,601318,13:50:55,68.1100,29,1
2026-02-10,601318,13:50:58,68.1000,55,2
2026-02-10,601318,13:51:01,68.0900,26,2
2026-02-10,601318,13:51:04,68.1000,78,1
2026-02-10,601318,13:51:07,68.1100,33,2
2026-02-10,601318,13:51:10,68.1300,183,1
2026-02-10,601318,13:51:13,68.1000,51,2
2026-02-10,601318,13:51:16,68.1000,59,2
2026-02-10,601318,13:51:19,68.1200,13,4
2026-02-10,601318,13:51:22,68.1100,19,2
2026-02-10,601318,13:51:25,68.1000,63,2
2026-02-10,601318,13:51:28,68.1400,14,1
2026-02-10,601318,13:51:31,68.1000,33,2
2026-02-10,601318,13:51:34,68.1000,34,2
2026-02-10,601318,13:51:37,68.1000,25,2
2026-02-10,601318,13:51:40,68.1000,90,1
2026-02-10,601318,13:51:43,68.1000,4,2
2026-02-10,601318,13:51:46,68.1100,87,1
2026-02-10,601318,13:51:49,68.1200,5,2
2026-02-10,601318,13:51:52,68.1200,20,1
2026-02-10,601318,13:51:55,68.1300,21,4
2026-02-10,601318,13:51:58,68.1300,82,2
2026-02-10,601318,13:52:01,68.1300,168,2
2026-02-10,601318,13:52:04,68.1200,147,2
2026-02-10,601318,13:52:07,68.1100,89,2
2026-02-10,601318,13:52:10,68.1100,82,2
2026-02-10,601318,13:52:13,68.1100,41,2
2026-02-10,601318,13:52:16,68.1000,19,2
2026-02-10,601318,13:52:19,68.1100,19,1
2026-02-10,601318,13:52:22,68.1000,25,2
2026-02-10,601318,13:52:25,68.1000,25,2
2026-02-10,601318,13:52:28,68.1000,129,2
2026-02-10,601318,13:52:31,68.1200,10,1
2026-02-10,601318,13:52:34,68.1100,9,2
2026-02-10,601318,13:52:37,68.1100,6,2
2026-02-10,601318,13:52:40,68.1100,35,2
2026-02-10,601318,13:52:43,68.1100,4,1
2026-02-10,601318,13:52:46,68.1000,39,2
2026-02-10,601318,13:52:49,68.1100,24,1
2026-02-10,601318,13:52:52,68.1100,38,1
2026-02-10,601318,13:52:55,68.1100,23,1
2026-02-10,601318,13:52:58,68.1000,887,2
2026-02-10,601318,13:53:01,68.1100,26,2
2026-02-10,601318,13:53:04,68.1100,33,2
2026-02-10,601318,13:53:07,68.1000,1104,2
2026-02-10,601318,13:53:10,68.1000,85,1
2026-02-10,601318,13:53:13,68.0800,549,2
2026-02-10,601318,13:53:16,68.0800,1290,2
2026-02-10,601318,13:53:19,68.0800,16,1
2026-02-10,601318,13:53:22,68.0700,22,2
2026-02-10,601318,13:53:25,68.0800,1269,1
2026-02-10,601318,13:53:28,68.0700,132,2
2026-02-10,601318,13:53:31,68.0700,39,2
2026-02-10,601318,13:53:34,68.0600,27,2
2026-02-10,601318,13:53:37,68.0700,106,1
2026-02-10,601318,13:53:40,68.0600,94,2
2026-02-10,601318,13:53:43,68.0500,33,2
2026-02-10,601318,13:53:46,68.0500,181,2
2026-02-10,601318,13:53:49,68.0600,71,4
2026-02-10,601318,13:53:52,68.0500,38,2
2026-02-10,601318,13:53:55,68.0600,65,4
2026-02-10,601318,13:53:58,68.0400,722,2
2026-02-10,601318,13:54:01,68.0500,55,1
2026-02-10,601318,13:54:04,68.0300,29,2
2026-02-10,601318,13:54:07,68.0300,9,2
2026-02-10,601318,13:54:10,68.0400,5,1
2026-02-10,601318,13:54:13,68.0300,43,2
2026-02-10,601318,13:54:16,68.0300,50,2
2026-02-10,601318,13:54:19,68.0300,15,2
2026-02-10,601318,13:54:22,68.0400,45,1
2026-02-10,601318,13:54:25,68.0400,62,2
2026-02-10,601318,13:54:28,68.0500,26,1
2026-02-10,601318,13:54:31,68.0500,80,2
2026-02-10,601318,13:54:34,68.0500,52,2
2026-02-10,601318,13:54:37,68.0500,7,2
2026-02-10,601318,13:54:40,68.0500,9,2
2026-02-10,601318,13:54:43,68.0500,21,1
2026-02-10,601318,13:54:46,68.0400,4,2
2026-02-10,601318,13:54:49,68.0500,46,1
2026-02-10,601318,13:54:52,68.0500,13,1
2026-02-10,601318,13:54:55,68.0400,38,2
2026-02-10,601318,13:54:58,68.0600,21,1
2026-02-10,601318,13:55:01,68.0500,22,2
2026-02-10,601318,13:55:04,68.0600,5,2
2026-02-10,601318,13:55:07,68.0600,24,1
2026-02-10,601318,13:55:10,68.0600,13,1
2026-02-10,601318,13:55:13,68.0500,96,2
2026-02-10,601318,13:55:16,68.0700,51,1
2026-02-10,601318,13:55:19,68.0700,1,2
2026-02-10,601318,13:55:22,68.0700,10,2
2026-02-10,601318,13:55:25,68.0700,32,2
2026-02-10,601318,13:55:28,68.0800,72,1
2026-02-10,601318,13:55:31,68.0800,9,1
2026-02-10,601318,13:55:34,68.0900,25,1
2026-02-10,601318,13:55:37,68.0900,10,1
2026-02-10,601318,13:55:40,68.0800,15,2
2026-02-10,601318,13:55:43,68.0800,29,2
2026-02-10,601318,13:55:46,68.0900,35,1
2026-02-10,601318,13:55:49,68.1000,36,1
2026-02-10,601318,13:55:52,68.0800,16,2
2026-02-10,601318,13:55:55,68.1000,20,2
2026-02-10,601318,13:55:58,68.1000,248,2
2026-02-10,601318,13:56:01,68.0900,40,2
2026-02-10,601318,13:56:04,68.1200,39,1
2026-02-10,601318,13:56:07,68.0900,43,2
2026-02-10,601318,13:56:10,68.1100,29,1
2026-02-10,601318,13:56:13,68.1100,23,2
2026-02-10,601318,13:56:16,68.1000,16,2
2026-02-10,601318,13:56:19,68.1200,9,1
2026-02-10,601318,13:56:22,68.1200,26,1
2026-02-10,601318,13:56:25,68.1200,13,4
2026-02-10,601318,13:56:31,68.1200,5,4
2026-02-10,601318,13:56:34,68.1300,80,1
2026-02-10,601318,13:56:37,68.1100,80,2
2026-02-10,601318,13:56:40,68.1100,111,1
2026-02-10,601318,13:56:43,68.1100,29,1
2026-02-10,601318,13:56:46,68.1100,33,1
2026-02-10,601318,13:56:49,68.1100,78,1
2026-02-10,601318,13:56:52,68.1200,27,1
2026-02-10,601318,13:56:55,68.1200,56,1
2026-02-10,601318,13:56:58,68.1300,4,1
2026-02-10,601318,13:57:01,68.1400,14,1
2026-02-10,601318,13:57:04,68.1300,56,1
2026-02-10,601318,13:57:07,68.1300,9,2
2026-02-10,601318,13:57:10,68.1500,165,1
2026-02-10,601318,13:57:13,68.1500,191,1
2026-02-10,601318,13:57:16,68.1500,125,2
2026-02-10,601318,13:57:19,68.1700,18,1
2026-02-10,601318,13:57:22,68.1700,19,2
2026-02-10,601318,13:57:25,68.1800,119,1
2026-02-10,601318,13:57:28,68.1800,17,1
2026-02-10,601318,13:57:31,68.1900,43,1
2026-02-10,601318,13:57:34,68.1900,38,1
2026-02-10,601318,13:57:37,68.1900,35,1
2026-02-10,601318,13:57:40,68.1800,127,2
2026-02-10,601318,13:57:43,68.2000,53,1
2026-02-10,601318,13:57:46,68.2000,30,1
2026-02-10,601318,13:57:49,68.2000,547,1
2026-02-10,601318,13:57:52,68.1900,18,2
2026-02-10,601318,13:57:55,68.2000,9,1
2026-02-10,601318,13:57:58,68.1900,182,2
2026-02-10,601318,13:58:01,68.1800,104,2
2026-02-10,601318,13:58:04,68.1900,106,1
2026-02-10,601318,13:58:07,68.1800,44,2
2026-02-10,601318,13:58:10,68.1600,125,2
2026-02-10,601318,13:58:13,68.1800,7,1
2026-02-10,601318,13:58:16,68.1900,11,1
2026-02-10,601318,13:58:19,68.1800,127,2
2026-02-10,601318,13:58:22,68.1900,18,1
2026-02-10,601318,13:58:25,68.1800,45,2
2026-02-10,601318,13:58:28,68.1800,16,2
2026-02-10,601318,13:58:31,68.1800,41,2
2026-02-10,601318,13:58:34,68.1600,176,2
2026-02-10,601318,13:58:37,68.1700,52,1
2026-02-10,601318,13:58:40,68.1600,5,4
2026-02-10,601318,13:58:43,68.1500,57,2
2026-02-10,601318,13:58:46,68.1500,121,2
2026-02-10,601318,13:58:49,68.1500,14,1
2026-02-10,601318,13:58:52,68.1300,29,2
2026-02-10,601318,13:58:55,68.1400,77,4
2026-02-10,601318,13:58:58,68.1300,275,2
2026-02-10,601318,13:59:01,68.1200,21,2
2026-02-10,601318,13:59:04,68.1200,109,2
2026-02-10,601318,13:59:07,68.1200,7,2
2026-02-10,601318,13:59:10,68.1400,6,1
2026-02-10,601318,13:59:13,68.1200,37,2
2026-02-10,601318,13:59:16,68.1200,43,2
2026-02-10,601318,13:59:19,68.1300,23,2
2026-02-10,601318,13:59:22,68.1200,56,2
2026-02-10,601318,13:59:25,68.1100,15,2
2026-02-10,601318,13:59:28,68.1600,4,1
2026-02-10,601318,13:59:34,68.1200,16,2
2026-02-10,601318,13:59:37,68.1100,55,2
2026-02-10,601318,13:59:40,68.1600,7,1
2026-02-10,601318,13:59:43,68.1200,12,2
2026-02-10,601318,13:59:46,68.1600,27,1
2026-02-10,601318,13:59:49,68.1600,13,1
2026-02-10,601318,13:59:52,68.1200,10,2
2026-02-10,601318,13:59:55,68.1300,69,2
2026-02-10,601318,13:59:58,68.1300,1,2
2026-02-10,601318,14:00:01,68.1300,59,2
2026-02-10,601318,14:00:04,68.1600,42,1
2026-02-10,601318,14:00:07,68.1300,45,2
2026-02-10,601318,14:00:10,68.1800,259,1
2026-02-10,601318,14:00:13,68.1300,30,2
2026-02-10,601318,14:00:16,68.1700,55,1
2026-02-10,601318,14:00:22,68.1400,19,2
2026-02-10,601318,14:00:25,68.1900,41,1
2026-02-10,601318,14:00:31,68.1900,23,1
2026-02-10,601318,14:00:34,68.1800,9,2
2026-02-10,601318,14:00:37,68.2100,490,1
2026-02-10,601318,14:00:40,68.2200,350,1
2026-02-10,601318,14:00:43,68.2000,104,2
2026-02-10,601318,14:00:46,68.2200,15,4
2026-02-10,601318,14:00:49,68.2300,60,1
2026-02-10,601318,14:00:52,68.2200,16,2
2026-02-10,601318,14:00:55,68.2300,30,1
2026-02-10,601318,14:00:58,68.2300,93,1
2026-02-10,601318,14:01:01,68.2500,155,1
2026-02-10,601318,14:01:04,68.2200,98,2
2026-02-10,601318,14:01:07,68.2200,16,2
2026-02-10,601318,14:01:10,68.2200,39,2
2026-02-10,601318,14:01:13,68.2300,64,1
2026-02-10,601318,14:01:16,68.2200,59,1
2026-02-10,601318,14:01:19,68.2300,25,1
2026-02-10,601318,14:01:22,68.2300,68,1
2026-02-10,601318,14:01:25,68.2300,93,1
2026-02-10,601318,14:01:28,68.2300,18,2
2026-02-10,601318,14:01:31,68.2100,32,2
2026-02-10,601318,14:01:34,68.2100,44,2
2026-02-10,601318,14:01:37,68.2100,9,2
2026-02-10,601318,14:01:40,68.2000,49,2
2026-02-10,601318,14:01:43,68.2100,67,1
2026-02-10,601318,14:01:46,68.2100,15,2
2026-02-10,601318,14:01:49,68.1900,12,2
2026-02-10,601318,14:01:52,68.2200,216,1
2026-02-10,601318,14:01:55,68.1800,35,2
2026-02-10,601318,14:01:58,68.1900,8,4
2026-02-10,601318,14:02:01,68.1900,31,2
2026-02-10,601318,14:02:04,68.1800,30,2
2026-02-10,601318,14:02:07,68.2000,40,1
2026-02-10,601318,14:02:10,68.1600,34,2
2026-02-10,601318,14:02:13,68.1600,26,2
2026-02-10,601318,14:02:16,68.1900,23,1
2026-02-10,601318,14:02:19,68.1800,37,4
2026-02-10,601318,14:02:22,68.1500,14,2
2026-02-10,601318,14:02:25,68.1500,9,2
2026-02-10,601318,14:02:28,68.1800,19,1
2026-02-10,601318,14:02:31,68.1600,5,2
2026-02-10,601318,14:02:34,68.1500,35,2
2026-02-10,601318,14:02:37,68.1500,17,2
2026-02-10,601318,14:02:40,68.1500,102,2
2026-02-10,601318,14:02:43,68.1500,148,2
2026-02-10,601318,14:02:46,68.1300,29,2
2026-02-10,601318,14:02:49,68.1500,39,1
2026-02-10,601318,14:02:52,68.1300,9,2
2026-02-10,601318,14:02:55,68.1300,23,2
2026-02-10,601318,14:02:58,68.1300,9,2
2026-02-10,601318,14:03:01,68.1400,9,1
2026-02-10,601318,14:03:04,68.1400,15,1
2026-02-10,601318,14:03:07,68.1400,23,1
2026-02-10,601318,14:03:10,68.1500,22,1
2026-02-10,601318,14:03:13,68.1400,103,2
2026-02-10,601318,14:03:16,68.1400,55,2
2026-02-10,601318,14:03:19,68.1500,20,4
2026-02-10,601318,14:03:22,68.1600,71,1
2026-02-10,601318,14:03:25,68.1500,34,4
2026-02-10,601318,14:03:28,68.1600,17,1
2026-02-10,601318,14:03:31,68.1400,20,2
2026-02-10,601318,14:03:34,68.1500,33,1
2026-02-10,601318,14:03:37,68.1400,59,2
2026-02-10,601318,14:03:40,68.1400,4,2
2026-02-10,601318,14:03:43,68.1500,296,1
2026-02-10,601318,14:03:46,68.1300,98,2
2026-02-10,601318,14:03:49,68.1100,427,2
2026-02-10,601318,14:03:52,68.1200,61,1
2026-02-10,601318,14:03:55,68.1100,29,2
2026-02-10,601318,14:03:58,68.1200,32,1
2026-02-10,601318,14:04:01,68.1100,31,2
2026-02-10,601318,14:04:04,68.1100,17,2
2026-02-10,601318,14:04:07,68.1100,96,2
2026-02-10,601318,14:04:10,68.1100,44,2
2026-02-10,601318,14:04:13,68.1200,62,1
2026-02-10,601318,14:04:16,68.1100,29,2
2026-02-10,601318,14:04:19,68.1200,51,1
2026-02-10,601318,14:04:22,68.1200,25,1
2026-02-10,601318,14:04:25,68.1100,28,2
2026-02-10,601318,14:04:28,68.1200,3,1
2026-02-10,601318,14:04:31,68.1100,7,2
2026-02-10,601318,14:04:34,68.1100,36,2
2026-02-10,601318,14:04:37,68.1200,21,1
2026-02-10,601318,14:04:40,68.1100,33,2
2026-02-10,601318,14:04:43,68.1200,4,1
2026-02-10,601318,14:04:46,68.1100,60,2
2026-02-10,601318,14:04:49,68.1100,31,2
2026-02-10,601318,14:04:52,68.1200,84,1
2026-02-10,601318,14:04:55,68.1200,53,1
2026-02-10,601318,14:04:58,68.1400,3,1
2026-02-10,601318,14:05:01,68.1200,28,2
2026-02-10,601318,14:05:04,68.1200,24,2
2026-02-10,601318,14:05:07,68.1600,64,1
2026-02-10,601318,14:05:10,68.1700,172,1
2026-02-10,601318,14:05:13,68.1700,60,1
2026-02-10,601318,14:05:16,68.1700,10,1
2026-02-10,601318,14:05:19,68.1500,22,2
2026-02-10,601318,14:05:22,68.1800,64,1
2026-02-10,601318,14:05:25,68.1700,19,1
2026-02-10,601318,14:05:28,68.1900,30,1
2026-02-10,601318,14:05:31,68.1700,29,1
2026-02-10,601318,14:05:34,68.1800,69,4
2026-02-10,601318,14:05:37,68.1800,151,2
2026-02-10,601318,14:05:40,68.1700,104,2
2026-02-10,601318,14:05:43,68.1800,50,4
2026-02-10,601318,14:05:46,68.1900,28,4
2026-02-10,601318,14:05:49,68.2000,114,1
2026-02-10,601318,14:05:52,68.1800,48,2
2026-02-10,601318,14:05:55,68.1800,25,2
2026-02-10,601318,14:05:58,68.1700,81,2
2026-02-10,601318,14:06:01,68.1600,16,2
2026-02-10,601318,14:06:04,68.1500,239,2
2026-02-10,601318,14:06:07,68.1600,7,2
2026-02-10,601318,14:06:10,68.1500,28,2
2026-02-10,601318,14:06:13,68.1700,7,1
2026-02-10,601318,14:06:16,68.1600,11,2
2026-02-10,601318,14:06:19,68.1700,4,1
2026-02-10,601318,14:06:22,68.1700,386,1
2026-02-10,601318,14:06:25,68.1700,3,1
2026-02-10,601318,14:06:31,68.1700,9,1
2026-02-10,601318,14:06:34,68.1700,71,1
2026-02-10,601318,14:06:37,68.1700,54,1
2026-02-10,601318,14:06:40,68.1700,98,1
2026-02-10,601318,14:06:43,68.1700,24,2
2026-02-10,601318,14:06:46,68.1900,3,1
2026-02-10,601318,14:06:49,68.1800,12,1
2026-02-10,601318,14:06:52,68.1500,72,2
2026-02-10,601318,14:06:55,68.2000,49,1
2026-02-10,601318,14:06:58,68.1700,61,2
2026-02-10,601318,10:56:07,68.2000,13,1
2026-02-10,601318,10:56:10,68.1800,37,2
2026-02-10,601318,10:56:13,68.1800,14,2
2026-02-10,601318,10:56:16,68.1800,55,2
2026-02-10,601318,10:56:19,68.2000,45,1
2026-02-10,601318,10:56:22,68.1900,3,2
2026-02-10,601318,10:56:25,68.1800,89,2
2026-02-10,601318,10:56:29,68.1900,19,4
2026-02-10,601318,10:56:31,68.2000,347,1
2026-02-10,601318,10:56:34,68.1900,37,4
2026-02-10,601318,10:56:37,68.1900,26,4
2026-02-10,601318,10:56:40,68.1900,24,2
2026-02-10,601318,10:56:43,68.1900,19,2
2026-02-10,601318,10:56:46,68.1900,38,1
2026-02-10,601318,10:56:49,68.1900,9,2
2026-02-10,601318,10:56:52,68.1900,59,2
2026-02-10,601318,10:56:55,68.2000,31,1
2026-02-10,601318,10:56:58,68.1900,17,2
2026-02-10,601318,10:57:01,68.2000,26,1
2026-02-10,601318,10:57:04,68.2000,23,2
2026-02-10,601318,10:57:07,68.2100,136,1
2026-02-10,601318,10:57:10,68.2100,199,2
2026-02-10,601318,10:57:13,68.2200,82,2
2026-02-10,601318,10:57:16,68.2300,27,1
2026-02-10,601318,10:57:19,68.2500,124,1
2026-02-10,601318,10:57:22,68.2400,16,2
2026-02-10,601318,10:57:25,68.2100,124,2
2026-02-10,601318,10:57:28,68.2400,1,1
2026-02-10,601318,10:57:31,68.2300,49,2
2026-02-10,601318,10:57:34,68.2300,38,2
2026-02-10,601318,10:57:37,68.2400,103,1
2026-02-10,601318,10:57:40,68.2400,11,2
2026-02-10,601318,10:57:43,68.2400,14,2
2026-02-10,601318,10:57:46,68.2200,44,2
2026-02-10,601318,10:57:49,68.2400,39,2
2026-02-10,601318,10:57:52,68.2500,17,1
2026-02-10,601318,10:57:55,68.2600,129,1
2026-02-10,601318,10:57:58,68.2700,20,1
2026-02-10,601318,10:58:01,68.2600,122,2
2026-02-10,601318,10:58:04,68.3000,20,1
2026-02-10,601318,10:58:07,68.2900,15,1
2026-02-10,601318,10:58:10,68.2900,78,1
2026-02-10,601318,10:58:13,68.2700,31,2
2026-02-10,601318,10:58:16,68.3000,12,1
2026-02-10,601318,10:58:19,68.2900,38,2
2026-02-10,601318,10:58:22,68.2900,38,2
2026-02-10,601318,10:58:25,68.2700,27,2
2026-02-10,601318,10:58:28,68.2900,19,1
2026-02-10,601318,10:58:31,68.2700,41,2
2026-02-10,601318,10:58:34,68.2900,14,2
2026-02-10,601318,10:58:37,68.2800,46,4
2026-02-10,601318,10:58:40,68.2800,6,4
2026-02-10,601318,10:58:43,68.2700,95,2
2026-02-10,601318,10:58:46,68.2500,171,2
2026-02-10,601318,10:58:49,68.2500,22,2
2026-02-10,601318,10:58:52,68.2500,21,2
2026-02-10,601318,10:58:55,68.2500,358,2
2026-02-10,601318,10:58:58,68.2500,32,1
2026-02-10,601318,10:59:01,68.2300,37,2
2026-02-10,601318,10:59:04,68.2200,44,2
2026-02-10,601318,10:59:07,68.2300,14,4
2026-02-10,601318,10:59:10,68.2300,125,1
2026-02-10,601318,10:59:13,68.2200,79,2
2026-02-10,601318,10:59:16,68.2200,17,2
2026-02-10,601318,10:59:19,68.2300,19,1
2026-02-10,601318,10:59:22,68.2100,81,2
2026-02-10,601318,10:59:25,68.2100,44,2
2026-02-10,601318,10:59:28,68.2100,49,2
2026-02-10,601318,10:59:31,68.2100,18,1
2026-02-10,601318,10:59:34,68.2100,36,1
2026-02-10,601318,10:59:37,68.2100,40,1
2026-02-10,601318,10:59:40,68.2300,28,1
2026-02-10,601318,10:59:43,68.2200,5,2
2026-02-10,601318,10:59:46,68.2100,125,2
2026-02-10,601318,10:59:49,68.2100,77,2
2026-02-10,601318,10:59:52,68.2000,18,2
2026-02-10,601318,10:59:55,68.2200,6,1
2026-02-10,601318,10:59:58,68.2100,2,1
2026-02-10,601318,11:00:01,68.2000,101,2
2026-02-10,601318,11:00:04,68.2000,10,2
2026-02-10,601318,11:00:07,68.2000,7,2
2026-02-10,601318,11:00:10,68.2100,102,2
2026-02-10,601318,11:00:13,68.2400,6,2
2026-02-10,601318,11:00:16,68.2400,25,2
2026-02-10,601318,11:00:19,68.2500,44,1
2026-02-10,601318,11:00:22,68.2400,13,2
2026-02-10,601318,11:00:25,68.2400,3,2
2026-02-10,601318,11:00:28,68.2200,237,2
2026-02-10,601318,11:00:31,68.2200,23,2
2026-02-10,601318,11:00:34,68.2300,18,2
2026-02-10,601318,11:00:37,68.2500,142,1
2026-02-10,601318,11:00:40,68.2300,28,2
2026-02-10,601318,11:00:43,68.2500,21,1
2026-02-10,601318,11:00:46,68.2600,198,1
2026-02-10,601318,11:00:49,68.2500,13,2
2026-02-10,601318,11:00:52,68.2500,15,2
2026-02-10,601318,11:00:55,68.2800,57,1
2026-02-10,601318,11:00:58,68.2800,7,2
2026-02-10,601318,11:01:01,68.3000,32,1
2026-02-10,601318,11:01:04,68.2800,6,2
2026-02-10,601318,11:01:07,68.3000,32,1
2026-02-10,601318,11:01:10,68.3000,89,2
2026-02-10,601318,11:01:13,68.3000,20,2
2026-02-10,601318,11:01:16,68.3300,11,1
2026-02-10,601318,11:01:19,68.3400,59,1
2026-02-10,601318,11:01:22,68.3600,50,1
2026-02-10,601318,11:01:25,68.3400,102,2
2026-02-10,601318,11:01:28,68.3200,25,2
2026-02-10,601318,11:01:31,68.3400,39,1
2026-02-10,601318,11:01:34,68.3400,109,1
2026-02-10,601318,11:01:37,68.3300,20,1
2026-02-10,601318,11:01:40,68.3400,1,1
2026-02-10,601318,11:01:43,68.3400,154,1
2026-02-10,601318,11:01:46,68.3400,34,2
2026-02-10,601318,11:01:52,68.3500,37,2
2026-02-10,601318,11:01:55,68.3700,36,1
2026-02-10,601318,11:01:58,68.3500,31,2
2026-02-10,601318,11:02:01,68.3400,129,2
2026-02-10,601318,11:02:04,68.3200,231,2
2026-02-10,601318,11:02:07,68.3400,20,1
2026-02-10,601318,11:02:10,68.3500,6,1
2026-02-10,601318,11:02:13,68.3300,5,2
2026-02-10,601318,11:02:16,68.3000,14,2
2026-02-10,601318,11:02:19,68.3400,9,1
2026-02-10,601318,11:02:22,68.3000,61,2
2026-02-10,601318,11:02:25,68.3000,49,2
2026-02-10,601318,11:02:28,68.3200,18,1
2026-02-10,601318,11:02:31,68.3200,12,2
2026-02-10,601318,11:02:34,68.3200,12,2
2026-02-10,601318,11:02:37,68.3200,4,2
2026-02-10,601318,11:02:40,68.3400,22,1
2026-02-10,601318,11:02:43,68.3300,25,2
2026-02-10,601318,11:02:46,68.3200,15,2
2026-02-10,601318,11:02:49,68.3200,3,2
2026-02-10,601318,11:02:52,68.3100,22,2
2026-02-10,601318,11:02:55,68.3100,81,2
2026-02-10,601318,11:02:58,68.3200,9,1
2026-02-10,601318,11:03:01,68.3100,22,2
2026-02-10,601318,11:03:04,68.3300,19,1
2026-02-10,601318,11:03:07,68.3200,7,2
2026-02-10,601318,11:03:10,68.3300,5,1
2026-02-10,601318,11:03:13,68.3100,8,2
2026-02-10,601318,11:03:16,68.3100,24,2
2026-02-10,601318,11:03:19,68.3200,22,1
2026-02-10,601318,11:03:22,68.3100,12,2
2026-02-10,601318,11:03:25,68.3100,22,2
2026-02-10,601318,11:03:28,68.3100,28,2
2026-02-10,601318,11:03:31,68.3100,42,2
2026-02-10,601318,11:03:34,68.3000,27,2
2026-02-10,601318,11:03:37,68.3200,9,1
2026-02-10,601318,11:03:40,68.3200,7,2
2026-02-10,601318,11:03:43,68.3100,49,2
2026-02-10,601318,11:03:46,68.3000,119,2
2026-02-10,601318,11:03:49,68.3200,2,1
2026-02-10,601318,11:03:52,68.3000,56,2
2026-02-10,601318,11:03:55,68.3100,51,1
2026-02-10,601318,11:03:58,68.3200,16,1
2026-02-10,601318,11:04:01,68.3100,8,2
2026-02-10,601318,11:04:04,68.3100,14,2
2026-02-10,601318,11:04:07,68.3200,17,1
2026-02-10,601318,11:04:10,68.3200,3,2
2026-02-10,601318,11:04:13,68.3100,33,2
2026-02-10,601318,11:04:16,68.3000,30,2
2026-02-10,601318,11:04:19,68.3100,1,4
2026-02-10,601318,11:04:22,68.3400,154,1
2026-02-10,601318,11:04:25,68.3000,209,2
2026-02-10,601318,11:04:28,68.2900,9,4
2026-02-10,601318,11:04:31,68.2600,231,2
2026-02-10,601318,11:04:34,68.2600,69,2
2026-02-10,601318,11:04:37,68.2600,27,2
2026-02-10,601318,11:04:40,68.2500,24,2
2026-02-10,601318,11:04:43,68.2300,16,2
2026-02-10,601318,11:04:46,68.2300,11,2
2026-02-10,601318,11:04:49,68.2500,5,1
2026-02-10,601318,11:04:52,68.2500,28,1
2026-02-10,601318,11:04:55,68.2400,8,4
2026-02-10,601318,11:04:58,68.2600,3,1
2026-02-10,601318,11:05:01,68.2400,6,2
2026-02-10,601318,11:05:04,68.2200,100,2
2026-02-10,601318,11:05:07,68.2400,10,1
2026-02-10,601318,11:05:10,68.2100,142,2
2026-02-10,601318,11:05:13,68.2200,4,4
2026-02-10,601318,11:05:16,68.2300,12,1
2026-02-10,601318,11:05:19,68.2200,3,2
2026-02-10,601318,11:05:22,68.2100,26,2
2026-02-10,601318,11:05:25,68.2200,25,1
2026-02-10,601318,11:05:28,68.2100,12,2
2026-02-10,601318,11:05:31,68.2100,6,2
2026-02-10,601318,11:05:34,68.2100,60,2
2026-02-10,601318,11:05:37,68.2100,140,2
2026-02-10,601318,11:05:40,68.2200,13,1
2026-02-10,601318,11:05:43,68.2200,48,2
2026-02-10,601318,11:05:46,68.2200,10,2
2026-02-10,601318,11:05:49,68.2200,47,2
2026-02-10,601318,11:05:52,68.2200,46,2
2026-02-10,601318,11:05:55,68.2200,42,2
2026-02-10,601318,11:05:58,68.1900,560,2
2026-02-10,601318,11:06:01,68.1800,87,2
2026-02-10,601318,11:06:04,68.1800,155,2
2026-02-10,601318,11:06:07,68.1800,21,2
2026-02-10,601318,11:06:10,68.1900,1,4
2026-02-10,601318,11:06:13,68.1900,30,2
2026-02-10,601318,11:06:16,68.1800,173,2
2026-02-10,601318,11:06:19,68.1800,282,2
2026-02-10,601318,11:06:22,68.1900,10,1
2026-02-10,601318,11:06:25,68.2000,21,1
2026-02-10,601318,11:06:28,68.2000,16,1
2026-02-10,601318,11:06:31,68.1900,10,1
2026-02-10,601318,11:06:34,68.1900,65,2
2026-02-10,601318,11:06:37,68.1900,36,2
2026-02-10,601318,11:06:40,68.1900,89,1
2026-02-10,601318,11:06:43,68.1900,10,2
2026-02-10,601318,11:06:46,68.2000,137,1
2026-02-10,601318,11:06:49,68.2000,15,1
2026-02-10,601318,11:06:52,68.1900,17,2
2026-02-10,601318,11:06:55,68.1800,118,2
2026-02-10,601318,11:06:58,68.1900,19,2
2026-02-10,601318,11:07:01,68.1800,164,2
2026-02-10,601318,11:07:04,68.1900,5,2
2026-02-10,601318,11:07:10,68.1900,10,2
2026-02-10,601318,11:07:13,68.1800,5,2
2026-02-10,601318,11:07:16,68.1800,43,2
2026-02-10,601318,11:07:19,68.1800,7,2
2026-02-10,601318,11:07:22,68.1800,200,2
2026-02-10,601318,11:07:25,68.1800,24,2
2026-02-10,601318,11:07:28,68.1800,45,2
2026-02-10,601318,11:07:31,68.1900,13,1
2026-02-10,601318,11:07:34,68.1800,109,2
2026-02-10,601318,11:07:37,68.1900,49,1
2026-02-10,601318,11:07:40,68.1900,92,1
2026-02-10,601318,11:07:43,68.1800,24,2
2026-02-10,601318,11:07:46,68.1800,3,2
2026-02-10,601318,11:07:49,68.1900,3,1
2026-02-10,601318,11:07:52,68.2000,50,1
2026-02-10,601318,11:07:55,68.1800,26,2
2026-02-10,601318,11:07:58,68.1900,3,1
2026-02-10,601318,11:08:01,68.1800,156,2
2026-02-10,601318,11:08:04,68.1800,34,2
2026-02-10,601318,11:08:07,68.1800,5,2
2026-02-10,601318,11:08:10,68.1900,4,2
2026-02-10,601318,11:08:13,68.1900,16,2
2026-02-10,601318,11:08:16,68.1800,22,2
2026-02-10,601318,11:08:19,68.1800,123,2
2026-02-10,601318,11:08:22,68.1800,29,2
2026-02-10,601318,11:08:25,68.1900,13,1
2026-02-10,601318,11:08:28,68.1800,25,2
2026-02-10,601318,11:08:31,68.1800,15,2
2026-02-10,601318,11:08:34,68.1800,29,2
2026-02-10,601318,11:08:37,68.1900,48,1
2026-02-10,601318,11:08:40,68.1800,20,2
2026-02-10,601318,11:08:43,68.1900,56,1
2026-02-10,601318,11:08:46,68.1900,19,2
2026-02-10,601318,11:08:49,68.1900,8,2
2026-02-10,601318,11:08:52,68.1800,34,2
2026-02-10,601318,11:08:55,68.1800,52,2
2026-02-10,601318,11:08:58,68.1900,12,1
2026-02-10,601318,11:09:01,68.1900,1,2
2026-02-10,601318,11:09:04,68.1800,22,2
2026-02-10,601318,11:09:07,68.1900,57,1
2026-02-10,601318,11:09:10,68.2000,4,1
2026-02-10,601318,11:09:13,68.2000,20,2
2026-02-10,601318,11:09:16,68.1900,107,2
2026-02-10,601318,11:09:19,68.1900,2,2
2026-02-10,601318,11:09:22,68.1900,15,2
2026-02-10,601318,11:09:25,68.1900,125,2
2026-02-10,601318,11:09:28,68.1900,41,2
2026-02-10,601318,11:09:31,68.1800,6,2
2026-02-10,601318,11:09:34,68.1900,24,1
2026-02-10,601318,11:09:37,68.1800,36,2
2026-02-10,601318,11:09:40,68.1900,11,4
2026-02-10,601318,11:09:43,68.1800,14,2
2026-02-10,601318,11:09:46,68.1800,598,2
2026-02-10,601318,11:09:49,68.1900,91,1
2026-02-10,601318,11:09:52,68.1800,32,2
2026-02-10,601318,11:09:55,68.1800,20,2
2026-02-10,601318,11:09:58,68.1800,4,2
2026-02-10,601318,11:10:01,68.2000,25,1
2026-02-10,601318,11:10:04,68.1900,220,1
2026-02-10,601318,11:10:07,68.1800,16,2
2026-02-10,601318,11:10:10,68.1900,9,1
2026-02-10,601318,11:10:13,68.1800,3,2
2026-02-10,601318,11:10:16,68.1800,10,2
2026-02-10,601318,11:10:19,68.1900,124,1
2026-02-10,601318,11:10:22,68.1800,10,4
2026-02-10,601318,11:10:25,68.1800,23,2
2026-02-10,601318,11:10:28,68.1900,7,1
2026-02-10,601318,11:10:31,68.1800,9,2
2026-02-10,601318,11:10:34,68.1900,37,1
2026-02-10,601318,11:10:37,68.2100,21,1
2026-02-10,601318,11:10:40,68.1800,11,2
2026-02-10,601318,11:10:43,68.1800,60,2
2026-02-10,601318,11:10:46,68.1700,143,2
2026-02-10,601318,11:10:49,68.1800,117,1
2026-02-10,601318,11:10:52,68.1700,35,2
2026-02-10,601318,11:10:55,68.1700,16,2
2026-02-10,601318,11:10:58,68.1700,32,2
2026-02-10,601318,11:11:01,68.1800,132,1
2026-02-10,601318,11:11:04,68.1800,21,1
2026-02-10,601318,11:11:07,68.1800,40,2
2026-02-10,601318,11:11:10,68.1800,10,1
2026-02-10,601318,11:11:13,68.1800,29,2
2026-02-10,601318,11:11:16,68.1800,8,2
2026-02-10,601318,11:11:19,68.1700,41,2
2026-02-10,601318,11:11:22,68.1800,36,1
2026-02-10,601318,11:11:25,68.1600,34,2
2026-02-10,601318,11:11:28,68.1800,1,4
2026-02-10,601318,11:11:31,68.1800,20,1
2026-02-10,601318,11:11:34,68.1800,34,1
2026-02-10,601318,11:11:37,68.1800,36,1
2026-02-10,601318,11:11:40,68.1800,14,2
2026-02-10,601318,11:11:43,68.1800,52,2
2026-02-10,601318,11:11:46,68.2000,12,1
2026-02-10,601318,11:11:49,68.1900,5,2
2026-02-10,601318,11:11:52,68.2000,14,4
2026-02-10,601318,11:11:55,68.1800,14,2
2026-02-10,601318,11:11:58,68.2100,10,1
2026-02-10,601318,11:12:04,68.1800,8,2
2026-02-10,601318,11:12:07,68.1800,24,2
2026-02-10,601318,11:12:13,68.1800,29,2
2026-02-10,601318,11:12:16,68.1900,7,2
2026-02-10,601318,11:12:19,68.2000,7,1
2026-02-10,601318,11:12:22,68.1800,18,2
2026-02-10,601318,11:12:25,68.2100,24,1
2026-02-10,601318,11:12:28,68.1900,12,2
2026-02-10,601318,11:12:31,68.1800,153,2
2026-02-10,601318,11:12:34,68.1800,22,2
2026-02-10,601318,11:12:37,68.1900,11,4
2026-02-10,601318,11:12:40,68.2000,146,1
2026-02-10,601318,11:12:43,68.2000,17,1
2026-02-10,601318,11:12:46,68.1700,27,2
2026-02-10,601318,11:12:49,68.1800,6,2
2026-02-10,601318,11:12:52,68.1700,40,2
2026-02-10,601318,11:12:55,68.1600,325,2
2026-02-10,601318,11:12:58,68.1600,215,2
2026-02-10,601318,11:13:01,68.1600,7,2
2026-02-10,601318,11:13:04,68.1600,71,2
2026-02-10,601318,11:13:07,68.1700,21,1
2026-02-10,601318,11:13:10,68.1600,44,2
2026-02-10,601318,11:13:13,68.1600,25,2
2026-02-10,601318,11:13:16,68.1600,6,2
2026-02-10,601318,11:13:19,68.1600,48,2
2026-02-10,601318,11:13:22,68.1500,53,2
2026-02-10,601318,11:13:28,68.1600,36,1
2026-02-10,601318,11:13:31,68.1600,60,1
2026-02-10,601318,11:13:34,68.1600,22,1
2026-02-10,601318,11:13:37,68.1600,64,1
2026-02-10,601318,11:13:40,68.1500,213,2
2026-02-10,601318,11:13:43,68.1500,40,2
2026-02-10,601318,11:13:46,68.1500,94,2
2026-02-10,601318,11:13:49,68.1500,240,2
2026-02-10,601318,11:13:52,68.1400,840,2
2026-02-10,601318,11:13:55,68.1300,140,2
2026-02-10,601318,11:13:58,68.1300,15,2
2026-02-10,601318,11:14:01,68.1300,10,1
2026-02-10,601318,11:14:04,68.1200,15,2
2026-02-10,601318,11:14:07,68.1300,4,1
2026-02-10,601318,11:14:10,68.1200,80,2
2026-02-10,601318,11:14:13,68.1200,18,2
2026-02-10,601318,11:14:16,68.1200,15,2
2026-02-10,601318,11:14:19,68.1300,12,1
2026-02-10,601318,11:14:22,68.1200,19,2
2026-02-10,601318,11:14:25,68.1200,28,2
2026-02-10,601318,11:14:28,68.1400,161,1
2026-02-10,601318,11:14:31,68.1400,9,2
2026-02-10,601318,11:14:34,68.1400,22,2
2026-02-10,601318,11:14:37,68.1300,51,2
2026-02-10,601318,11:14:40,68.1200,10,2
2026-02-10,601318,11:14:43,68.1200,101,2
2026-02-10,601318,11:14:46,68.1200,37,2
2026-02-10,601318,11:14:49,68.1200,22,2
2026-02-10,601318,11:14:52,68.1300,107,1
2026-02-10,601318,11:14:55,68.1200,13,2
2026-02-10,601318,11:14:58,68.1300,104,1
2026-02-10,601318,11:15:01,68.1200,15,2
2026-02-10,601318,11:15:04,68.1200,266,2
2026-02-10,601318,11:15:07,68.1200,31,2
2026-02-10,601318,11:15:10,68.1100,287,2
2026-02-10,601318,11:15:13,68.1200,19,1
2026-02-10,601318,11:15:16,68.1200,12,2
2026-02-10,601318,11:15:19,68.1300,2,1
2026-02-10,601318,11:15:22,68.1100,21,2
2026-02-10,601318,11:15:25,68.1200,17,4
2026-02-10,601318,11:15:29,68.1300,112,1
2026-02-10,601318,11:15:31,68.1300,34,1
2026-02-10,601318,11:15:34,68.1200,13,2
2026-02-10,601318,11:15:37,68.1200,50,2
2026-02-10,601318,11:15:40,68.1200,20,1
2026-02-10,601318,11:15:43,68.1100,34,2
2026-02-10,601318,11:15:46,68.1100,50,2
2026-02-10,601318,11:15:49,68.1100,24,2
2026-02-10,601318,11:15:52,68.1100,20,2
2026-02-10,601318,11:15:55,68.1200,13,1
2026-02-10,601318,11:15:58,68.1100,53,2
2026-02-10,601318,11:16:01,68.1200,16,1
2026-02-10,601318,11:16:04,68.1100,31,2
2026-02-10,601318,11:16:07,68.1200,116,1
2026-02-10,601318,11:16:10,68.1200,77,1
2026-02-10,601318,11:16:13,68.1200,629,1
2026-02-10,601318,11:16:16,68.1200,39,1
2026-02-10,601318,11:16:19,68.1300,66,1
2026-02-10,601318,11:16:22,68.1100,323,2
2026-02-10,601318,11:16:25,68.1200,19,2
2026-02-10,601318,11:16:28,68.1700,76,1
2026-02-10,601318,11:16:31,68.1600,15,1
2026-02-10,601318,11:16:34,68.1400,32,2
2026-02-10,601318,11:16:37,68.1500,31,2
2026-02-10,601318,11:16:40,68.1600,2,4
2026-02-10,601318,11:16:43,68.1500,35,2
2026-02-10,601318,11:16:46,68.1400,294,2
2026-02-10,601318,11:16:49,68.1300,27,2
2026-02-10,601318,11:16:52,68.1400,32,1
2026-02-10,601318,11:16:55,68.1300,62,2
2026-02-10,601318,11:16:58,68.1300,53,2
2026-02-10,601318,11:17:01,68.1400,159,1
2026-02-10,601318,11:17:04,68.1300,10,2
2026-02-10,601318,11:17:07,68.1400,4,1
2026-02-10,601318,11:17:10,68.1300,21,2
2026-02-10,601318,11:17:13,68.1400,140,1
2026-02-10,601318,11:17:16,68.1400,67,1
2026-02-10,601318,11:17:19,68.1600,15,1
2026-02-10,601318,11:17:22,68.1400,11,2
2026-02-10,601318,11:17:25,68.1600,25,1
2026-02-10,601318,11:17:28,68.1700,60,1
2026-02-10,601318,11:17:31,68.1500,3,1
2026-02-10,601318,11:17:34,68.1600,21,4
2026-02-10,601318,11:17:37,68.1500,25,2
2026-02-10,601318,11:17:40,68.1500,42,2
2026-02-10,601318,11:17:43,68.1800,34,1
2026-02-10,601318,11:17:46,68.1900,110,1
2026-02-10,601318,11:17:49,68.2000,25,1
2026-02-10,601318,11:17:52,68.1900,97,2
2026-02-10,601318,11:17:55,68.2000,83,2
2026-02-10,601318,11:17:58,68.2200,69,1
2026-02-10,601318,11:18:01,68.2300,77,1
2026-02-10,601318,11:18:04,68.1900,18,2
2026-02-10,601318,11:18:07,68.2000,44,2
2026-02-10,601318,11:18:10,68.2100,3,4
2026-02-10,601318,11:18:13,68.1900,71,2
2026-02-10,601318,11:18:16,68.1800,280,2
2026-02-10,601318,11:18:19,68.1800,658,2
2026-02-10,601318,11:18:22,68.1600,143,2
2026-02-10,601318,11:18:25,68.1600,41,2
2026-02-10,601318,11:18:28,68.1800,36,1
2026-02-10,601318,11:18:31,68.1500,169,2
2026-02-10,601318,11:18:34,68.1500,16,2
2026-02-10,601318,11:18:37,68.1500,15,1
2026-02-10,601318,11:18:40,68.1400,13,2
2026-02-10,601318,11:18:43,68.1400,5,2
2026-02-10,601318,11:18:46,68.1500,358,1
2026-02-10,601318,11:18:49,68.1400,22,2
2026-02-10,601318,11:18:52,68.1300,84,2
2026-02-10,601318,11:18:55,68.1400,62,1
2026-02-10,601318,11:18:58,68.1300,99,2
2026-02-10,601318,11:19:01,68.1200,24,2
2026-02-10,601318,11:19:04,68.1300,26,1
2026-02-10,601318,11:19:07,68.1300,35,1
2026-02-10,601318,11:19:10,68.1200,72,2
2026-02-10,601318,11:19:13,68.1200,39,2
2026-02-10,601318,11:19:16,68.1200,14,2
2026-02-10,601318,11:19:19,68.1300,12,1
2026-02-10,601318,11:19:22,68.1300,26,1
2026-02-10,601318,11:19:25,68.1300,8,2
2026-02-10,601318,11:19:28,68.1400,19,1
2026-02-10,601318,11:19:31,68.1200,149,2
2026-02-10,601318,11:19:34,68.1100,83,2
2026-02-10,601318,11:19:37,68.1100,49,2
2026-02-10,601318,11:19:40,68.1300,14,1
2026-02-10,601318,11:19:43,68.1200,45,1
2026-02-10,601318,11:19:46,68.1000,237,2
2026-02-10,601318,11:19:49,68.1100,23,1
2026-02-10,601318,11:19:52,68.1200,89,1
2026-02-10,601318,11:19:55,68.1000,14,2
2026-02-10,601318,11:19:58,68.1200,45,1
2026-02-10,601318,11:20:01,68.1000,25,2
2026-02-10,601318,11:20:04,68.1100,18,4
2026-02-10,601318,11:20:07,68.1100,36,2
2026-02-10,601318,11:20:10,68.1200,6,1
2026-02-10,601318,11:20:13,68.1100,19,2
2026-02-10,601318,11:20:16,68.1100,38,2
2026-02-10,601318,11:20:19,68.1100,109,2
2026-02-10,601318,11:20:22,68.1000,10,2
2026-02-10,601318,11:20:25,68.1100,168,1
2026-02-10,601318,11:20:28,68.1100,13,1
2026-02-10,601318,11:20:31,68.1100,71,1
2026-02-10,601318,11:20:35,68.1000,43,2
2026-02-10,601318,11:20:37,68.1000,19,2
2026-02-10,601318,11:20:40,68.1000,76,2
2026-02-10,601318,11:20:43,68.1100,42,1
2026-02-10,601318,11:20:46,68.1000,44,2
2026-02-10,601318,11:20:49,68.1100,36,1
2026-02-10,601318,11:20:52,68.1000,24,2
