date,code,time,price,volume,bs
2026-03-13,000858,14:06:18,103.0200,34,2
2026-03-13,000858,14:06:21,103.0300,5,1
2026-03-13,000858,14:06:24,103.0200,31,2
2026-03-13,000858,14:06:27,103.0300,21,1
2026-03-13,000858,14:06:30,103.0300,2,1
2026-03-13,000858,14:06:33,103.0400,10,1
2026-03-13,000858,14:06:36,103.0400,6,1
2026-03-13,000858,14:06:39,103.0200,11,2
2026-03-13,000858,14:06:45,103.0200,24,2
2026-03-13,000858,14:06:48,103.0300,8,1
2026-03-13,000858,14:06:51,103.0300,5,1
2026-03-13,000858,14:06:54,103.0400,9,1
2026-03-13,000858,14:06:57,103.0300,3,4
2026-03-13,000858,14:07:00,103.0300,8,2
2026-03-13,000858,14:07:03,103.0200,3,2
2026-03-13,000858,14:07:06,103.0200,5,2
2026-03-13,000858,14:07:09,103.0300,1,1
2026-03-13,000858,14:07:12,103.0200,17,2
2026-03-13,000858,14:07:15,103.0200,10,2
2026-03-13,000858,14:07:18,103.0300,24,1
2026-03-13,000858,14:07:21,103.0300,12,2
2026-03-13,000858,14:07:24,103.0300,2,2
2026-03-13,000858,14:07:27,103.0300,5,2
2026-03-13,000858,14:07:30,103.0300,8,2
2026-03-13,000858,14:07:33,103.0300,27,2
2026-03-13,000858,14:07:36,103.0400,12,1
2026-03-13,000858,14:07:39,103.0400,2,1
2026-03-13,000858,14:07:45,103.0400,38,1
2026-03-13,000858,14:07:48,103.0400,47,2
2026-03-13,000858,14:07:54,103.0400,1,1
2026-03-13,000858,14:07:57,103.0300,10,2
2026-03-13,000858,14:08:00,103.0400,25,2
2026-03-13,000858,14:08:06,103.0400,25,1
2026-03-13,000858,14:08:09,103.0400,5,1
2026-03-13,000858,14:08:12,103.0400,25,1
2026-03-13,000858,14:08:15,103.0400,23,2
2026-03-13,000858,14:08:18,103.0400,2,2
2026-03-13,000858,14:08:21,103.0400,7,2
2026-03-13,000858,14:08:24,103.0300,188,2
2026-03-13,000858,14:08:27,103.0300,80,2
2026-03-13,000858,14:08:30,103.0200,27,2
2026-03-13,000858,14:08:33,103.0200,2,1
2026-03-13,000858,14:08:36,103.0200,6,1
2026-03-13,000858,14:08:39,103.0200,4,1
2026-03-13,000858,14:08:42,103.0200,2,2
2026-03-13,000858,14:08:45,103.0200,25,2
2026-03-13,000858,14:08:48,103.0300,9,1
2026-03-13,000858,14:08:51,103.0200,3,2
2026-03-13,000858,14:08:54,103.0100,50,2
2026-03-13,000858,14:08:57,103.0200,27,1
2026-03-13,000858,14:09:00,103.0200,1,1
2026-03-13,000858,14:09:03,103.0200,9,1
2026-03-13,000858,14:09:06,103.0200,6,1
2026-03-13,000858,14:09:09,103.0200,11,1
2026-03-13,000858,14:09:12,103.0300,2,1
2026-03-13,000858,14:09:15,103.0300,3,1
2026-03-13,000858,14:09:18,103.0200,13,2
2026-03-13,000858,14:09:21,103.0200,11,2
2026-03-13,000858,14:09:24,103.0200,2,2
2026-03-13,000858,14:09:27,103.0200,10,2
2026-03-13,000858,14:09:33,103.0300,14,1
2026-03-13,000858,14:09:36,103.0300,3,1
2026-03-13,000858,14:09:42,103.0300,3,1
2026-03-13,000858,14:09:45,103.0300,11,1
2026-03-13,000858,14:09:48,103.0300,7,1
2026-03-13,000858,14:09:51,103.0200,17,2
2026-03-13,000858,14:09:54,103.0300,8,1
2026-03-13,000858,14:09:57,103.0300,12,1
2026-03-13,000858,14:10:00,103.0300,14,1
2026-03-13,000858,14:10:03,103.0300,44,2
2026-03-13,000858,14:10:06,103.0400,7,1
2026-03-13,000858,14:10:15,103.0300,13,2
2026-03-13,000858,14:10:18,103.0400,9,1
2026-03-13,000858,14:10:21,103.0400,42,1
2026-03-13,000858,14:10:24,103.0400,16,1
2026-03-13,000858,14:10:27,103.0400,12,4
2026-03-13,000858,14:10:30,103.0500,20,1
2026-03-13,000858,14:10:33,103.0300,2,2
2026-03-13,000858,14:10:39,103.0500,11,1
2026-03-13,000858,14:10:42,103.0300,1,2
2026-03-13,000858,14:10:45,103.0300,36,2
2026-03-13,000858,14:10:51,103.0500,8,1
2026-03-13,000858,14:10:54,103.0600,3,1
2026-03-13,000858,14:10:57,103.0500,4,1
2026-03-13,000858,14:11:00,103.0400,20,2
2026-03-13,000858,14:11:03,103.0600,24,1
2026-03-13,000858,14:11:06,103.0500,7,1
2026-03-13,000858,14:11:09,103.0600,5,1
2026-03-13,000858,14:11:12,103.0600,10,1
2026-03-13,000858,14:11:15,103.0600,9,1
2026-03-13,000858,14:11:18,103.0500,19,2
2026-03-13,000858,14:11:21,103.0700,14,1
2026-03-13,000858,14:11:24,103.0800,29,1
2026-03-13,000858,14:11:27,103.0600,15,2
2026-03-13,000858,14:11:30,103.0800,31,1
2026-03-13,000858,14:11:33,103.0700,8,1
2026-03-13,000858,14:11:36,103.0800,30,1
2026-03-13,000858,14:11:39,103.0800,7,1
2026-03-13,000858,14:11:45,103.0900,62,1
2026-03-13,000858,14:11:48,103.0800,7,4
2026-03-13,000858,14:11:51,103.0900,1,1
2026-03-13,000858,14:11:54,103.1000,35,1
2026-03-13,000858,14:11:57,103.0900,43,2
2026-03-13,000858,14:12:00,103.1000,12,1
2026-03-13,000858,14:12:03,103.1100,97,1
2026-03-13,000858,14:12:06,103.1300,40,1
2026-03-13,000858,14:12:09,103.1300,13,1
2026-03-13,000858,14:12:12,103.1300,9,2
2026-03-13,000858,14:12:15,103.1500,53,1
2026-03-13,000858,14:12:18,103.1500,2,1
2026-03-13,000858,14:12:21,103.1400,30,2
2026-03-13,000858,14:12:24,103.1400,10,2
2026-03-13,000858,14:12:27,103.1500,11,1
2026-03-13,000858,14:12:30,103.1500,15,1
2026-03-13,000858,14:12:33,103.1500,3,4
2026-03-13,000858,14:12:36,103.1600,17,1
2026-03-13,000858,14:12:39,103.1500,13,2
2026-03-13,000858,14:12:42,103.1600,17,1
2026-03-13,000858,14:12:45,103.1600,6,1
2026-03-13,000858,14:12:48,103.1600,59,1
2026-03-13,000858,14:12:54,103.1700,9,1
2026-03-13,000858,14:12:57,103.1800,31,1
2026-03-13,000858,14:13:00,103.1700,62,2
2026-03-13,000858,14:13:03,103.1900,20,1
2026-03-13,000858,14:13:06,103.1800,18,2
2026-03-13,000858,14:13:09,103.1900,24,1
2026-03-13,000858,14:13:12,103.1900,11,2
2026-03-13,000858,14:13:15,103.1900,12,2
2026-03-13,000858,14:13:18,103.2000,162,1
2026-03-13,000858,14:13:21,103.1800,5,4
2026-03-13,000858,14:13:24,103.2000,15,1
2026-03-13,000858,14:13:27,103.2000,43,1
2026-03-13,000858,14:13:30,103.1800,20,2
2026-03-13,000858,14:13:33,103.1900,5,4
2026-03-13,000858,14:13:36,103.1800,21,2
2026-03-13,000858,14:13:39,103.1800,8,2
2026-03-13,000858,14:13:42,103.1900,28,1
2026-03-13,000858,14:13:45,103.1800,29,1
2026-03-13,000858,14:13:48,103.1700,20,2
2026-03-13,000858,14:13:51,103.1700,26,2
2026-03-13,000858,14:13:54,103.2000,147,1
2026-03-13,000858,14:13:57,103.1900,105,2
2026-03-13,000858,14:14:00,103.1900,61,2
2026-03-13,000858,14:14:03,103.2000,28,1
2026-03-13,000858,14:14:06,103.1900,38,2
2026-03-13,000858,14:14:09,103.1900,10,2
2026-03-13,000858,14:14:12,103.2000,222,1
2026-03-13,000858,14:14:15,103.2000,20,2
2026-03-13,000858,14:14:18,103.2000,13,2
2026-03-13,000858,14:14:21,103.2100,25,1
2026-03-13,000858,14:14:24,103.2000,17,2
2026-03-13,000858,14:14:27,103.2000,37,2
2026-03-13,000858,14:14:30,103.2100,8,1
2026-03-13,000858,14:14:33,103.2100,54,1
2026-03-13,000858,14:14:36,103.2100,18,1
2026-03-13,000858,14:14:39,103.2100,37,1
2026-03-13,000858,14:14:42,103.2100,9,1
2026-03-13,000858,14:14:45,103.2100,5,1
2026-03-13,000858,14:14:48,103.2100,19,1
2026-03-13,000858,14:14:51,103.2100,3,1
2026-03-13,000858,14:14:54,103.2100,12,1
2026-03-13,000858,14:14:57,103.2100,28,2
2026-03-13,000858,14:15:00,103.2000,158,2
2026-03-13,000858,14:15:03,103.2200,25,1
2026-03-13,000858,14:15:06,103.2200,48,1
2026-03-13,000858,14:15:09,103.2200,13,1
2026-03-13,000858,14:15:12,103.2200,11,1
2026-03-13,000858,14:15:15,103.2200,9,1
2026-03-13,000858,14:15:18,103.2100,61,2
2026-03-13,000858,14:15:21,103.2100,26,1
2026-03-13,000858,14:15:24,103.2100,1,1
2026-03-13,000858,14:15:27,103.2100,51,1
2026-03-13,000858,14:15:30,103.2200,22,1
2026-03-13,000858,14:15:33,103.2200,14,1
2026-03-13,000858,14:15:36,103.2200,26,1
2026-03-13,000858,14:15:39,103.2200,25,2
2026-03-13,000858,14:15:42,103.2400,13,1
2026-03-13,000858,14:15:45,103.2300,16,4
2026-03-13,000858,14:15:48,103.2300,16,1
2026-03-13,000858,14:15:51,103.2500,35,1
2026-03-13,000858,14:15:54,103.2500,14,1
2026-03-13,000858,14:15:57,103.2400,12,4
2026-03-13,000858,14:16:00,103.2500,267,1
2026-03-13,000858,14:16:03,103.2500,32,2
2026-03-13,000858,14:16:06,103.2800,22,1
2026-03-13,000858,14:16:09,103.2700,23,1
2026-03-13,000858,14:16:12,103.2900,113,1
2026-03-13,000858,14:16:15,103.2600,31,2
2026-03-13,000858,14:16:18,103.2800,53,1
2026-03-13,000858,14:16:21,103.2900,60,2
2026-03-13,000858,14:16:24,103.2900,28,2
2026-03-13,000858,14:16:27,103.3000,46,1
2026-03-13,000858,14:16:30,103.3000,81,1
2026-03-13,000858,14:16:33,103.3000,32,1
2026-03-13,000858,14:16:36,103.3000,29,1
2026-03-13,000858,14:16:39,103.2800,11,2
2026-03-13,000858,14:16:42,103.3000,13,1
2026-03-13,000858,14:16:45,103.2900,78,2
2026-03-13,000858,14:16:48,103.2800,80,2
2026-03-13,000858,14:16:51,103.2900,28,1
2026-03-13,000858,14:16:54,103.2700,36,2
2026-03-13,000858,14:16:57,103.2800,43,1
2026-03-13,000858,14:17:00,103.2800,43,1
2026-03-13,000858,14:17:03,103.2700,32,2
2026-03-13,000858,14:17:06,103.2500,19,2
2026-03-13,000858,14:17:09,103.2500,26,2
2026-03-13,000858,14:17:12,103.2500,16,2
2026-03-13,000858,14:17:15,103.2700,36,1
2026-03-13,000858,14:17:18,103.2600,31,4
2026-03-13,000858,14:17:21,103.2600,13,2
2026-03-13,000858,14:17:24,103.2600,21,2
2026-03-13,000858,14:17:27,103.2600,48,2
2026-03-13,000858,14:17:30,103.2700,37,1
2026-03-13,000858,14:17:33,103.2700,47,1
2026-03-13,000858,14:17:36,103.2600,24,2
2026-03-13,000858,14:17:39,103.2700,145,1
2026-03-13,000858,14:17:42,103.2700,34,2
2026-03-13,000858,14:17:45,103.2800,11,1
2026-03-13,000858,14:17:48,103.2800,12,1
2026-03-13,000858,14:17:51,103.2700,37,2
2026-03-13,000858,14:17:54,103.2700,48,2
2026-03-13,000858,14:17:57,103.2700,19,2
2026-03-13,000858,14:18:00,103.2800,89,1
2026-03-13,000858,14:18:03,103.2700,35,2
2026-03-13,000858,14:18:06,103.2700,51,2
2026-03-13,000858,14:18:09,103.2700,8,1
2026-03-13,000858,14:18:12,103.2600,18,2
2026-03-13,000858,14:18:15,103.2600,19,2
2026-03-13,000858,14:18:18,103.2600,42,2
2026-03-13,000858,14:18:21,103.2600,22,2
2026-03-13,000858,14:18:24,103.2600,4,2
2026-03-13,000858,14:18:27,103.2700,41,1
2026-03-13,000858,14:18:30,103.2700,26,1
2026-03-13,000858,14:18:33,103.2700,51,1
2026-03-13,000858,14:18:36,103.2600,14,2
2026-03-13,000858,14:18:39,103.2700,75,1
2026-03-13,000858,14:18:42,103.2600,152,2
2026-03-13,000858,14:18:45,103.2700,23,1
2026-03-13,000858,14:18:48,103.2600,39,2
2026-03-13,000858,14:18:51,103.2600,8,2
2026-03-13,000858,14:18:54,103.2600,57,2
2026-03-13,000858,14:18:57,103.2600,56,2
2026-03-13,000858,14:19:00,103.3000,1308,1
2026-03-13,000858,14:19:03,103.3300,312,1
2026-03-13,000858,14:19:06,103.3600,205,1
2026-03-13,000858,14:19:09,103.3800,186,1
2026-03-13,000858,14:19:12,103.3900,163,1
2026-03-13,000858,14:19:15,103.3900,140,2
2026-03-13,000858,14:19:18,103.4200,46,1
2026-03-13,000858,14:19:21,103.4400,55,1
2026-03-13,000858,14:19:24,103.4400,45,1
2026-03-13,000858,14:19:27,103.4400,55,1
2026-03-13,000858,14:19:30,103.4400,29,2
2026-03-13,000858,14:19:33,103.4500,142,1
2026-03-13,000858,14:19:36,103.4600,87,1
2026-03-13,000858,14:19:39,103.4800,65,1
2026-03-13,000858,14:19:42,103.4800,33,1
2026-03-13,000858,14:19:45,103.4900,168,1
2026-03-13,000858,14:19:48,103.5000,131,1
2026-03-13,000858,14:19:51,103.5000,64,1
2026-03-13,000858,14:19:54,103.4900,44,4
2026-03-13,000858,14:19:57,103.4900,65,1
2026-03-13,000858,14:20:00,103.4900,73,4
2026-03-13,000858,14:20:03,103.5000,110,1
2026-03-13,000858,14:20:06,103.5000,27,1
2026-03-13,000858,14:20:09,103.4900,42,2
2026-03-13,000858,14:20:12,103.4800,64,2
2026-03-13,000858,14:20:15,103.4800,52,2
2026-03-13,000858,14:20:18,103.4900,83,1
2026-03-13,000858,14:20:21,103.4800,62,1
2026-03-13,000858,14:20:24,103.4700,15,2
2026-03-13,000858,14:20:27,103.4700,55,2
2026-03-13,000858,14:20:30,103.4600,86,2
2026-03-13,000858,14:20:33,103.4800,61,1
2026-03-13,000858,14:20:36,103.4800,29,2
2026-03-13,000858,14:20:39,103.4900,120,1
2026-03-13,000858,14:20:42,103.4800,72,2
2026-03-13,000858,14:20:45,103.4800,78,1
2026-03-13,000858,14:20:48,103.4900,59,1
2026-03-13,000858,14:20:51,103.4700,68,2
2026-03-13,000858,14:20:54,103.4800,27,1
2026-03-13,000858,14:20:57,103.4800,64,1
2026-03-13,000858,14:21:00,103.4700,27,1
2026-03-13,000858,14:21:03,103.4700,56,1
2026-03-13,000858,14:21:06,103.4500,43,2
2026-03-13,000858,14:21:09,103.4500,26,1
2026-03-13,000858,14:21:12,103.4500,43,1
2026-03-13,000858,14:21:15,103.4500,52,1
2026-03-13,000858,14:21:18,103.4000,72,2
2026-03-13,000858,14:21:21,103.3900,7,2
2026-03-13,000858,14:21:24,103.3900,13,2
2026-03-13,000858,14:21:27,103.3900,6,1
2026-03-13,000858,14:21:30,103.3700,19,2
2026-03-13,000858,14:21:33,103.3700,8,1
2026-03-13,000858,14:21:36,103.3700,18,2
2026-03-13,000858,14:21:39,103.3600,33,2
2026-03-13,000858,14:21:42,103.3600,44,2
2026-03-13,000858,14:21:45,103.3600,15,1
2026-03-13,000858,14:21:48,103.3500,11,4
2026-03-13,000858,14:21:51,103.3500,7,1
2026-03-13,000858,14:21:54,103.3200,22,2
2026-03-13,000858,14:21:57,103.3200,16,1
2026-03-13,000858,14:22:00,103.3200,19,1
2026-03-13,000858,14:22:03,103.3100,66,2
2026-03-13,000858,14:22:06,103.3200,33,1
2026-03-13,000858,14:22:09,103.3100,52,2
2026-03-13,000858,14:22:12,103.3100,23,1
2026-03-13,000858,14:22:15,103.3100,29,1
2026-03-13,000858,14:22:18,103.3000,21,2
2026-03-13,000858,14:22:21,103.3000,35,2
2026-03-13,000858,14:22:24,103.3000,25,2
2026-03-13,000858,14:22:27,103.3100,21,1
2026-03-13,000858,14:22:30,103.3000,55,2
2026-03-13,000858,14:22:33,103.3100,31,2
2026-03-13,000858,14:22:36,103.3100,23,2
2026-03-13,000858,14:22:39,103.3300,69,1
2026-03-13,000858,14:22:42,103.3200,19,4
2026-03-13,000858,14:22:45,103.3200,13,2
2026-03-13,000858,14:22:48,103.3200,8,2
2026-03-13,000858,14:22:51,103.3300,18,1
2026-03-13,000858,14:22:54,103.3300,7,1
2026-03-13,000858,14:22:57,103.3300,57,1
2026-03-13,000858,14:23:00,103.3300,32,1
2026-03-13,000858,14:23:03,103.3300,41,1
2026-03-13,000858,14:23:06,103.3300,16,1
2026-03-13,000858,14:23:09,103.3300,66,1
2026-03-13,000858,14:23:12,103.3300,24,1
2026-03-13,000858,14:23:15,103.3300,39,1
2026-03-13,000858,14:23:18,103.3200,23,2
2026-03-13,000858,14:23:21,103.3200,17,2
2026-03-13,000858,14:23:24,103.3200,22,2
2026-03-13,000858,14:23:27,103.3200,23,1
2026-03-13,000858,14:23:30,103.3300,20,1
2026-03-13,000858,14:23:33,103.3300,13,1
2026-03-13,000858,14:23:36,103.3200,11,2
2026-03-13,000858,14:23:39,103.3200,45,2
2026-03-13,000858,14:23:42,103.3400,117,1
2026-03-13,000858,14:23:45,103.3300,30,2
2026-03-13,000858,14:23:48,103.3400,31,1
2026-03-13,000858,14:23:51,103.3300,2,2
2026-03-13,000858,14:23:54,103.3300,62,2
2026-03-13,000858,14:23:57,103.3300,12,2
2026-03-13,000858,14:24:00,103.3400,13,1
2026-03-13,000858,14:24:03,103.3300,18,2
2026-03-13,000858,14:24:06,103.3400,45,1
2026-03-13,000858,14:24:09,103.3400,20,1
2026-03-13,000858,14:24:12,103.3400,102,2
2026-03-13,000858,14:24:15,103.3400,57,1
2026-03-13,000858,14:24:18,103.3400,30,2
2026-03-13,000858,14:24:21,103.3400,14,2
2026-03-13,000858,14:24:24,103.3300,44,2
2026-03-13,000858,14:24:27,103.3500,33,1
2026-03-13,000858,14:24:30,103.3300,27,2
2026-03-13,000858,14:24:33,103.3500,45,1
2026-03-13,000858,14:24:36,103.3500,9,1
2026-03-13,000858,14:24:39,103.3500,34,1
2026-03-13,000858,14:24:42,103.3400,3,2
2026-03-13,000858,14:24:45,103.3400,36,2
2026-03-13,000858,14:24:48,103.3300,131,2
2026-03-13,000858,14:24:51,103.2700,334,2
2026-03-13,000858,14:24:54,103.2500,67,2
2026-03-13,000858,14:24:57,103.2600,10,2
2026-03-13,000858,14:25:00,103.2700,11,1
2026-03-13,000858,14:25:03,103.2600,7,2
2026-03-13,000858,14:25:06,103.2600,26,2
2026-03-13,000858,14:25:09,103.2700,21,4
2026-03-13,000858,14:25:12,103.2600,7,2
2026-03-13,000858,14:25:15,103.2600,56,2
2026-03-13,000858,14:25:18,103.2600,49,2
2026-03-13,000858,14:25:21,103.2600,44,2
2026-03-13,000858,14:25:24,103.2500,19,2
2026-03-13,000858,14:25:27,103.2500,101,2
2026-03-13,000858,14:25:30,103.2500,4,1
2026-03-13,000858,14:25:33,103.2300,8,2
2026-03-13,000858,14:25:36,103.2300,16,2
2026-03-13,000858,14:25:39,103.2300,4,1
2026-03-13,000858,14:25:42,103.2200,18,2
2026-03-13,000858,14:25:45,103.2200,8,2
2026-03-13,000858,14:25:48,103.2200,50,2
2026-03-13,000858,14:25:54,103.2100,18,2
2026-03-13,000858,14:25:57,103.2100,15,2
2026-03-13,000858,14:26:00,103.2200,30,1
2026-03-13,000858,14:26:03,103.2100,29,2
2026-03-13,000858,14:26:06,103.2000,16,2
2026-03-13,000858,14:26:09,103.2000,7,2
2026-03-13,000858,14:26:12,103.2000,46,2
2026-03-13,000858,14:26:15,103.2000,23,2
2026-03-13,000858,14:26:18,103.2000,10,2
2026-03-13,000858,14:26:21,103.2000,20,2
2026-03-13,000858,14:26:24,103.2000,18,1
2026-03-13,000858,14:26:27,103.2000,22,2
2026-03-13,000858,14:26:30,103.2000,33,2
2026-03-13,000858,14:26:33,103.2000,8,2
2026-03-13,000858,14:26:36,103.1900,12,2
2026-03-13,000858,14:26:39,103.1900,13,2
2026-03-13,000858,14:26:42,103.2000,17,1
2026-03-13,000858,14:26:45,103.2000,5,1
2026-03-13,000858,14:26:48,103.2000,5,1
2026-03-13,000858,14:26:51,103.2000,39,1
2026-03-13,000858,14:26:54,103.2000,19,1
2026-03-13,000858,14:26:57,103.1900,109,2
2026-03-13,000858,14:27:00,103.2000,15,1
2026-03-13,000858,14:27:03,103.1900,15,2
2026-03-13,000858,14:27:06,103.2000,30,1
2026-03-13,000858,14:27:09,103.2000,13,1
2026-03-13,000858,14:27:12,103.1900,10,2
2026-03-13,000858,14:27:15,103.1900,12,2
2026-03-13,000858,14:27:18,103.1900,16,2
2026-03-13,000858,14:27:21,103.1900,17,2
2026-03-13,000858,14:27:24,103.2000,17,1
2026-03-13,000858,14:27:27,103.1900,9,2
2026-03-13,000858,14:27:30,103.2000,50,1
2026-03-13,000858,14:27:33,103.2000,7,2
2026-03-13,000858,14:27:36,103.2000,6,2
2026-03-13,000858,14:27:39,103.2100,16,1
2026-03-13,000858,14:27:42,103.2100,49,1
2026-03-13,000858,14:27:45,103.2000,10,2
2026-03-13,000858,14:27:48,103.2000,28,2
2026-03-13,000858,14:27:51,103.2100,8,1
2026-03-13,000858,14:27:54,103.2100,11,1
2026-03-13,000858,14:27:57,103.2000,12,2
2026-03-13,000858,14:28:00,103.2000,17,2
2026-03-13,000858,14:28:03,103.2200,45,1
2026-03-13,000858,14:28:06,103.2200,27,1
2026-03-13,000858,14:28:09,103.2200,34,1
2026-03-13,000858,14:28:12,103.2100,103,2
2026-03-13,000858,14:28:15,103.2200,18,1
2026-03-13,000858,14:28:18,103.2100,15,2
2026-03-13,000858,14:28:21,103.2100,232,2
2026-03-13,000858,14:28:24,103.2100,6,1
2026-03-13,000858,14:28:27,103.2100,11,1
2026-03-13,000858,14:28:30,103.2100,13,2
2026-03-13,000858,14:28:33,103.2200,26,1
2026-03-13,000858,14:28:36,103.2200,3,1
2026-03-13,000858,14:28:39,103.2200,62,1
2026-03-13,000858,14:28:42,103.2100,22,2
2026-03-13,000858,14:28:45,103.2100,40,2
2026-03-13,000858,14:28:48,103.2100,13,2
2026-03-13,000858,14:28:51,103.2100,27,2
2026-03-13,000858,14:28:54,103.2100,17,2
2026-03-13,000858,14:28:57,103.2100,13,2
2026-03-13,000858,14:29:00,103.2200,9,1
2026-03-13,000858,14:29:03,103.2100,5,2
2026-03-13,000858,14:29:06,103.2100,1,2
2026-03-13,000858,14:29:09,103.2100,51,2
2026-03-13,000858,14:29:12,103.2200,41,1
2026-03-13,000858,14:29:15,103.2300,74,1
2026-03-13,000858,14:29:18,103.2200,36,2
2026-03-13,000858,14:29:21,103.2200,25,1
2026-03-13,000858,14:29:24,103.2100,50,2
2026-03-13,000858,14:29:27,103.2200,13,1
2026-03-13,000858,14:29:30,103.2200,8,1
2026-03-13,000858,14:29:33,103.2200,33,1
2026-03-13,000858,14:29:36,103.2100,4,2
2026-03-13,000858,14:29:39,103.2100,21,2
2026-03-13,000858,14:29:42,103.2100,23,2
2026-03-13,000858,14:29:45,103.2200,7,1
2026-03-13,000858,14:29:48,103.2200,18,2
2026-03-13,000858,14:29:51,103.2100,7,2
2026-03-13,000858,14:29:54,103.2200,18,1
2026-03-13,000858,14:29:57,103.2100,15,2
2026-03-13,000858,14:30:00,103.2000,92,2
2026-03-13,000858,14:30:03,103.2000,46,2
2026-03-13,000858,14:30:06,103.1900,10,2
2026-03-13,000858,14:30:09,103.1900,76,2
2026-03-13,000858,14:30:12,103.1900,21,2
2026-03-13,000858,14:30:15,103.1900,17,2
2026-03-13,000858,14:30:18,103.1900,17,2
2026-03-13,000858,14:30:21,103.1900,27,2
2026-03-13,000858,14:30:24,103.1600,11,2
2026-03-13,000858,14:30:27,103.1600,5,2
2026-03-13,000858,14:30:30,103.1700,10,1
2026-03-13,000858,14:30:33,103.1700,12,1
2026-03-13,000858,14:30:36,103.1600,17,2
2026-03-13,000858,14:30:39,103.1600,22,2
2026-03-13,000858,14:30:42,103.1600,25,2
2026-03-13,000858,14:30:45,103.1600,3,1
2026-03-13,000858,14:30:48,103.1600,43,1
2026-03-13,000858,14:30:51,103.1400,10,2
2026-03-13,000858,14:30:54,103.1400,19,2
2026-03-13,000858,14:30:57,103.1400,17,2
2026-03-13,000858,14:31:00,103.1400,6,2
2026-03-13,000858,14:31:03,103.1400,16,2
2026-03-13,000858,14:31:06,103.1400,14,2
2026-03-13,000858,14:31:09,103.1200,8,2
2026-03-13,000858,14:31:12,103.1200,6,2
2026-03-13,000858,14:31:15,103.1300,15,1
2026-03-13,000858,14:31:18,103.1300,11,1
2026-03-13,000858,14:31:21,103.1200,13,2
2026-03-13,000858,14:31:24,103.1200,11,2
2026-03-13,000858,14:31:27,103.1300,5,1
2026-03-13,000858,14:31:30,103.1200,28,2
2026-03-13,000858,14:31:33,103.1200,16,2
2026-03-13,000858,14:31:36,103.1200,20,1
2026-03-13,000858,14:31:39,103.1100,16,2
2026-03-13,000858,14:31:42,103.1100,25,2
2026-03-13,000858,14:31:45,103.1100,9,2
2026-03-13,000858,14:31:48,103.1100,2,2
2026-03-13,000858,14:31:51,103.1100,11,2
2026-03-13,000858,14:31:54,103.1100,40,2
2026-03-13,000858,14:31:57,103.1100,8,2
2026-03-13,000858,14:32:00,103.1100,33,2
2026-03-13,000858,14:32:03,103.1100,5,2
2026-03-13,000858,14:32:06,103.1100,17,2
2026-03-13,000858,14:32:09,103.1100,27,2
2026-03-13,000858,14:32:12,103.1100,49,2
2026-03-13,000858,14:32:15,103.1100,3,1
2026-03-13,000858,14:32:18,103.0900,104,2
2026-03-13,000858,14:32:21,103.1000,4,1
2026-03-13,000858,14:32:24,103.1000,7,1
2026-03-13,000858,14:32:27,103.0900,19,2
2026-03-13,000858,14:32:30,103.0900,95,2
2026-03-13,000858,14:32:33,103.0800,6,2
2026-03-13,000858,14:32:36,103.0600,36,2
2026-03-13,000858,14:32:39,103.0600,25,2
2026-03-13,000858,14:32:42,103.0600,21,2
2026-03-13,000858,14:32:45,103.0500,12,2
2026-03-13,000858,14:32:48,103.0500,1,2
2026-03-13,000858,14:32:51,103.0900,1402,1
2026-03-13,000858,14:32:54,103.1600,11,1
2026-03-13,000858,14:32:57,103.1600,11,1
2026-03-13,000858,14:33:00,103.1100,5,2
2026-03-13,000858,14:33:03,103.1500,3,1
2026-03-13,000858,14:33:06,103.1400,5,1
2026-03-13,000858,14:33:09,103.1200,7,2
2026-03-13,000858,14:33:15,103.1400,14,1
2026-03-13,000858,14:33:18,103.1400,7,1
2026-03-13,000858,14:33:21,103.1300,12,2
2026-03-13,000858,14:33:24,103.1300,9,2
2026-03-13,000858,14:33:27,103.1400,5,1
2026-03-13,000858,14:33:30,103.1300,35,2
2026-03-13,000858,14:33:33,103.1300,17,1
2026-03-13,000858,14:33:36,103.1300,58,1
2026-03-13,000858,14:33:39,103.1300,2,2
2026-03-13,000858,14:33:42,103.1300,2,2
2026-03-13,000858,14:33:45,103.1300,31,2
2026-03-13,000858,14:33:51,103.1200,36,2
2026-03-13,000858,14:33:54,103.1200,18,2
2026-03-13,000858,14:33:57,103.1300,23,1
2026-03-13,000858,14:34:00,103.1300,20,1
2026-03-13,000858,14:34:03,103.1300,10,1
2026-03-13,000858,14:34:06,103.1300,36,2
2026-03-13,000858,14:34:09,103.1400,9,1
2026-03-13,000858,14:34:12,103.1300,29,2
2026-03-13,000858,14:34:15,103.1300,5,2
2026-03-13,000858,14:34:18,103.1300,32,2
2026-03-13,000858,14:34:21,103.1300,13,2
2026-03-13,000858,14:34:24,103.1400,3,1
2026-03-13,000858,14:34:27,103.1300,27,2
2026-03-13,000858,14:34:30,103.1300,5,1
2026-03-13,000858,14:34:33,103.1300,12,1
2026-03-13,000858,14:34:36,103.1200,11,2
2026-03-13,000858,14:34:39,103.1200,13,2
2026-03-13,000858,14:34:42,103.1200,98,2
2026-03-13,000858,14:34:45,103.1300,14,1
2026-03-13,000858,14:34:48,103.1200,29,2
2026-03-13,000858,14:34:51,103.1200,25,2
2026-03-13,000858,14:34:54,103.1200,9,2
2026-03-13,000858,14:34:57,103.1300,47,1
2026-03-13,000858,14:35:00,103.1200,12,2
2026-03-13,000858,14:35:03,103.1000,122,2
2026-03-13,000858,14:35:06,103.0700,60,2
2026-03-13,000858,14:35:09,103.0600,10,2
2026-03-13,000858,14:35:12,103.0600,3,2
2026-03-13,000858,14:35:15,103.0600,14,2
2026-03-13,000858,14:35:18,103.0600,6,2
2026-03-13,000858,14:35:21,103.0600,68,2
2026-03-13,000858,14:35:24,103.0600,43,1
2026-03-13,000858,14:35:27,103.0600,4,1
2026-03-13,000858,14:35:30,103.0500,6,2
2026-03-13,000858,14:35:33,103.0600,10,1
2026-03-13,000858,14:35:36,103.0500,31,2
2026-03-13,000858,14:35:39,103.0500,16,2
2026-03-13,000858,14:35:42,103.0600,20,1
2026-03-13,000858,14:35:45,103.0600,25,1
2026-03-13,000858,14:35:48,103.0500,27,2
2026-03-13,000858,14:35:51,103.0500,54,2
2026-03-13,000858,14:35:54,103.0400,23,2
2026-03-13,000858,14:35:57,103.0400,6,2
2026-03-13,000858,14:36:00,103.0500,12,1
2026-03-13,000858,14:36:03,103.0500,13,1
2026-03-13,000858,14:36:06,103.0400,19,2
2026-03-13,000858,14:36:09,103.0400,4,1
2026-03-13,000858,14:36:12,103.0400,16,1
2026-03-13,000858,14:36:15,103.0400,8,1
2026-03-13,000858,14:36:18,103.0400,3,1
2026-03-13,000858,14:36:21,103.0300,16,2
2026-03-13,000858,14:36:24,103.0400,16,1
2026-03-13,000858,14:36:27,103.0300,27,2
2026-03-13,000858,14:36:30,103.0400,9,1
2026-03-13,000858,14:36:33,103.0400,1,1
2026-03-13,000858,14:36:36,103.0300,10,2
2026-03-13,000858,14:36:39,103.0300,9,2
2026-03-13,000858,14:36:42,103.0400,13,1
2026-03-13,000858,14:36:45,103.0300,32,2
2026-03-13,000858,14:36:48,103.0400,15,1
2026-03-13,000858,14:36:51,103.0400,16,2
2026-03-13,000858,14:36:54,103.0400,8,2
2026-03-13,000858,14:36:57,103.0300,11,2
2026-03-13,000858,14:37:00,103.0400,7,1
2026-03-13,000858,14:37:03,103.0400,10,1
2026-03-13,000858,14:37:06,103.0600,78,1
2026-03-13,000858,14:37:09,103.0500,11,4
2026-03-13,000858,14:37:12,103.0600,70,1
2026-03-13,000858,14:37:15,103.0600,38,1
2026-03-13,000858,14:37:18,103.0600,2,4
2026-03-13,000858,14:37:21,103.0500,15,2
2026-03-13,000858,14:37:24,103.0500,55,2
2026-03-13,000858,14:37:27,103.0700,12,1
2026-03-13,000858,14:37:30,103.0800,2,1
2026-03-13,000858,14:37:33,103.0700,22,2
2026-03-13,000858,14:37:36,103.0800,2,4
2026-03-13,000858,14:37:39,103.0700,11,2
2026-03-13,000858,14:37:42,103.0800,8,1
2026-03-13,000858,14:37:45,103.0900,47,1
2026-03-13,000858,14:37:48,103.0900,34,2
2026-03-13,000858,14:37:51,103.1000,7,1
2026-03-13,000858,14:37:54,103.1000,5,1
2026-03-13,000858,14:37:57,103.1000,14,1
2026-03-13,000858,14:38:00,103.1000,18,1
2026-03-13,000858,14:38:03,103.1000,8,1
2026-03-13,000858,14:38:06,103.1000,49,1
2026-03-13,000858,14:38:09,103.1100,11,1
2026-03-13,000858,14:38:12,103.1000,11,2
2026-03-13,000858,14:38:15,103.1000,78,2
2026-03-13,000858,14:38:18,103.1100,17,1
2026-03-13,000858,14:38:21,103.1000,2,2
2026-03-13,000858,14:38:24,103.1200,46,1
2026-03-13,000858,14:38:27,103.1400,28,1
2026-03-13,000858,14:38:30,103.1400,17,1
2026-03-13,000858,14:38:33,103.1300,51,2
2026-03-13,000858,14:38:36,103.1400,14,1
2026-03-13,000858,14:38:39,103.1300,22,1
2026-03-13,000858,14:38:42,103.1300,19,1
2026-03-13,000858,14:38:45,103.1300,96,1
2026-03-13,000858,14:38:48,103.1300,17,2
2026-03-13,000858,14:38:51,103.1300,5,2
2026-03-13,000858,14:38:54,103.1300,5,1
2026-03-13,000858,14:38:57,103.1300,11,1
2026-03-13,000858,14:39:00,103.1300,30,1
2026-03-13,000858,14:39:03,103.1200,25,2
2026-03-13,000858,14:39:06,103.1200,79,2
2026-03-13,000858,14:39:09,103.1200,13,2
2026-03-13,000858,14:39:12,103.1100,6,2
2026-03-13,000858,14:39:15,103.1200,3,1
2026-03-13,000858,14:39:18,103.1200,6,1
2026-03-13,000858,14:39:21,103.1200,6,1
2026-03-13,000858,14:39:24,103.1200,30,1
2026-03-13,000858,14:39:27,103.1100,25,2
2026-03-13,000858,14:39:30,103.1100,38,2
2026-03-13,000858,14:39:33,103.1100,6,1
2026-03-13,000858,14:39:36,103.1000,37,2
2026-03-13,000858,14:39:39,103.0900,8,2
2026-03-13,000858,14:39:42,103.1000,16,1
2026-03-13,000858,14:39:45,103.0900,7,2
2026-03-13,000858,14:39:48,103.0900,29,2
2026-03-13,000858,14:39:51,103.0900,30,2
2026-03-13,000858,14:39:54,103.0900,16,2
2026-03-13,000858,14:39:57,103.0900,6,2
2026-03-13,000858,14:40:00,103.1000,25,1
2026-03-13,000858,14:40:03,103.1000,20,1
2026-03-13,000858,14:40:06,103.0900,28,2
2026-03-13,000858,14:40:09,103.0900,45,2
2026-03-13,000858,14:40:12,103.0800,14,2
2026-03-13,000858,14:40:15,103.0800,7,2
2026-03-13,000858,14:40:18,103.0800,22,2
2026-03-13,000858,14:40:21,103.0700,25,2
2026-03-13,000858,14:40:24,103.0800,16,2
2026-03-13,000858,14:40:27,103.0800,14,2
2026-03-13,000858,14:40:30,103.0800,27,2
2026-03-13,000858,14:40:33,103.0800,11,2
2026-03-13,000858,14:40:36,103.0800,7,2
2026-03-13,000858,14:40:39,103.0700,36,2
2026-03-13,000858,14:40:42,103.0800,1,1
2026-03-13,000858,14:40:45,103.0700,11,2
2026-03-13,000858,14:40:48,103.0800,40,1
2026-03-13,000858,14:40:51,103.0700,29,2
2026-03-13,000858,14:40:54,103.0700,25,1
2026-03-13,000858,14:40:57,103.0700,55,2
2026-03-13,000858,14:41:00,103.0600,28,2
2026-03-13,000858,14:41:03,103.0600,19,2
2026-03-13,000858,14:41:06,103.0600,16,1
2026-03-13,000858,14:41:09,103.0500,2,2
2026-03-13,000858,14:41:12,103.0500,3,2
2026-03-13,000858,14:41:15,103.0600,18,1
2026-03-13,000858,14:41:18,103.0600,8,1
2026-03-13,000858,14:41:21,103.0500,58,2
2026-03-13,000858,14:41:24,103.0500,26,2
2026-03-13,000858,14:41:27,103.0600,37,1
2026-03-13,000858,14:41:30,103.0500,10,2
2026-03-13,000858,14:41:33,103.0500,131,2
2026-03-13,000858,14:41:36,103.0500,10,1
2026-03-13,000858,14:41:39,103.0500,29,1
2026-03-13,000858,14:41:42,103.0500,93,1
2026-03-13,000858,14:41:45,103.0300,59,2
2026-03-13,000858,14:41:48,103.0400,1,1
2026-03-13,000858,14:41:51,103.0400,2,1
2026-03-13,000858,14:41:54,103.0300,2,2
2026-03-13,000858,14:41:57,103.0400,6,1
2026-03-13,000858,14:42:00,103.0300,4,2
2026-03-13,000858,14:42:03,103.0400,26,1
2026-03-13,000858,14:42:06,103.0400,35,1
2026-03-13,000858,14:42:09,103.0300,39,2
2026-03-13,000858,14:42:12,103.0300,34,2
2026-03-13,000858,14:42:15,103.0400,26,1
2026-03-13,000858,14:42:18,103.0400,14,1
2026-03-13,000858,14:42:21,103.0400,18,4
2026-03-13,000858,14:42:24,103.0500,70,1
2026-03-13,000858,14:42:27,103.0400,36,2
2026-03-13,000858,14:42:30,103.0500,30,1
2026-03-13,000858,14:42:33,103.0400,31,2
2026-03-13,000858,14:42:36,103.0500,17,1
2026-03-13,000858,14:42:39,103.0500,20,1
2026-03-13,000858,14:42:42,103.0400,31,2
2026-03-13,000858,14:42:45,103.0500,30,1
2026-03-13,000858,14:42:48,103.0500,13,1
2026-03-13,000858,14:42:51,103.0400,17,2
2026-03-13,000858,14:42:54,103.0400,13,2
2026-03-13,000858,14:42:57,103.0500,25,1
2026-03-13,000858,14:43:00,103.0400,23,2
2026-03-13,000858,14:43:03,103.0400,40,2
2026-03-13,000858,14:43:06,103.0600,88,1
2026-03-13,000858,14:43:09,103.0600,4,1
2026-03-13,000858,14:43:12,103.0700,51,1
2026-03-13,000858,14:43:15,103.0600,7,4
2026-03-13,000858,14:43:18,103.0700,12,1
2026-03-13,000858,14:43:21,103.0800,30,1
2026-03-13,000858,14:43:24,103.0600,67,2
2026-03-13,000858,14:43:27,103.0500,56,2
2026-03-13,000858,14:43:30,103.0700,62,1
2026-03-13,000858,14:43:33,103.0600,14,2
2026-03-13,000858,14:43:36,103.0700,11,1
2026-03-13,000858,14:43:39,103.0600,45,2
2026-03-13,000858,14:43:42,103.0600,20,1
2026-03-13,000858,14:43:45,103.0600,10,1
2026-03-13,000858,14:43:48,103.0600,8,1
2026-03-13,000858,14:43:51,103.0500,142,2
2026-03-13,000858,14:43:54,103.0500,15,1
2026-03-13,000858,14:43:57,103.0400,52,2
2026-03-13,000858,14:44:00,103.0500,7,1
2026-03-13,000858,14:44:03,103.0500,26,1
2026-03-13,000858,14:44:06,103.0400,56,2
2026-03-13,000858,14:44:09,103.0400,23,2
2026-03-13,000858,14:44:12,103.0500,19,1
2026-03-13,000858,14:44:15,103.0500,27,1
2026-03-13,000858,14:44:18,103.0500,2,1
2026-03-13,000858,14:44:21,103.0400,24,2
2026-03-13,000858,14:44:24,103.0400,25,1
2026-03-13,000858,14:44:27,103.0300,61,2
2026-03-13,000858,14:44:30,103.0400,17,1
2026-03-13,000858,14:44:33,103.0300,134,2
2026-03-13,000858,14:44:36,102.9700,930,2
2026-03-13,000858,14:44:39,102.9600,20,2
2026-03-13,000858,14:44:42,102.9700,46,1
2026-03-13,000858,14:44:45,102.9500,5,2
2026-03-13,000858,14:44:48,102.9500,37,2
2026-03-13,000858,14:44:51,102.9500,24,2
2026-03-13,000858,14:44:54,102.9300,12,2
2026-03-13,000858,14:44:57,102.9400,19,2
2026-03-13,000858,14:45:00,102.9400,24,2
2026-03-13,000858,14:45:03,102.9500,30,1
2026-03-13,000858,14:45:06,102.9400,37,2
2026-03-13,000858,14:45:09,102.9300,6,2
2026-03-13,000858,14:45:12,102.9400,6,1
2026-03-13,000858,14:45:15,102.9300,57,2
2026-03-13,000858,14:45:18,102.9300,70,2
2026-03-13,000858,14:45:21,102.9300,19,2
2026-03-13,000858,14:45:24,102.9400,3,2
2026-03-13,000858,14:45:27,102.9500,13,1
2026-03-13,000858,14:45:30,102.9300,10,2
2026-03-13,000858,14:45:33,102.9300,26,2
2026-03-13,000858,14:45:36,102.9300,48,2
2026-03-13,000858,14:45:39,102.9300,39,2
2026-03-13,000858,14:45:42,102.9300,12,1
2026-03-13,000858,14:45:45,102.9200,34,2
2026-03-13,000858,14:45:48,102.9200,38,2
2026-03-13,000858,14:45:51,102.9300,62,1
2026-03-13,000858,14:45:54,102.9200,6,1
2026-03-13,000858,14:45:57,102.9200,23,1
2026-03-13,000858,14:46:00,102.9200,25,1
2026-03-13,000858,14:46:03,102.9200,64,1
2026-03-13,000858,14:46:06,102.8900,340,2
2026-03-13,000858,14:46:09,102.8800,121,2
2026-03-13,000858,14:46:12,102.8400,40,2
2026-03-13,000858,14:46:15,102.8300,33,2
2026-03-13,000858,14:46:18,102.8100,39,2
2026-03-13,000858,14:46:21,102.8100,23,1
2026-03-13,000858,14:46:24,102.8100,53,1
2026-03-13,000858,14:46:27,102.8000,138,2
2026-03-13,000858,14:46:30,102.8100,31,1
2026-03-13,000858,14:46:33,102.8100,38,2
2026-03-13,000858,14:46:36,102.8100,28,1
2026-03-13,000858,14:46:39,102.8100,49,1
2026-03-13,000858,14:46:42,102.8100,55,1
2026-03-13,000858,14:46:45,102.8100,105,1
2026-03-13,000858,14:46:48,102.8100,37,1
2026-03-13,000858,14:46:51,102.8000,49,2
2026-03-13,000858,14:46:54,102.8100,17,1
2026-03-13,000858,14:46:57,102.8100,46,2
2026-03-13,000858,14:47:00,102.8100,37,2
2026-03-13,000858,14:47:03,102.8100,16,2
2026-03-13,000858,14:47:06,102.8200,47,1
2026-03-13,000858,14:47:09,102.8200,13,2
2026-03-13,000858,14:47:12,102.8400,16,1
2026-03-13,000858,14:47:15,102.8200,10,2
2026-03-13,000858,14:47:18,102.8300,5,1
2026-03-13,000858,14:47:21,102.8400,8,1
2026-03-13,000858,14:47:24,102.8300,12,2
2026-03-13,000858,14:47:27,102.8400,8,1
2026-03-13,000858,14:47:30,102.8400,60,1
2026-03-13,000858,14:47:33,102.8400,76,1
2026-03-13,000858,14:47:36,102.8400,21,1
2026-03-13,000858,14:47:39,102.8400,16,1
2026-03-13,000858,14:47:42,102.8500,35,1
2026-03-13,000858,14:47:48,102.8400,19,2
2026-03-13,000858,14:47:51,102.8600,39,1
2026-03-13,000858,14:47:54,102.8600,17,2
2026-03-13,000858,14:47:57,102.8600,13,1
2026-03-13,000858,14:48:00,102.8600,12,1
2026-03-13,000858,14:48:03,102.8500,38,2
2026-03-13,000858,14:48:06,102.8600,36,1
2026-03-13,000858,14:48:09,102.8600,36,2
2026-03-13,000858,14:48:12,102.8600,59,2
2026-03-13,000858,14:48:15,102.8700,10,1
2026-03-13,000858,14:48:18,102.8600,6,2
2026-03-13,000858,14:48:21,102.8600,27,2
2026-03-13,000858,14:48:24,102.8600,42,2
2026-03-13,000858,14:48:27,102.8700,69,1
2026-03-13,000858,14:48:30,102.8600,31,2
2026-03-13,000858,14:48:33,102.8600,14,2
2026-03-13,000858,14:48:36,102.8700,38,1
2026-03-13,000858,14:48:39,102.8700,3,1
2026-03-13,000858,14:48:42,102.8700,39,1
2026-03-13,000858,14:48:45,102.8700,29,1
2026-03-13,000858,14:48:48,102.8700,11,1
2026-03-13,000858,14:48:51,102.8600,65,2
2026-03-13,000858,14:48:54,102.8700,17,4
2026-03-13,000858,14:48:57,102.8800,12,1
2026-03-13,000858,14:49:00,102.8800,47,1
2026-03-13,000858,14:49:03,102.8700,101,2
2026-03-13,000858,14:49:06,102.8700,32,1
2026-03-13,000858,14:49:09,102.8700,9,2
2026-03-13,000858,14:49:12,102.8800,27,1
2026-03-13,000858,14:49:15,102.8900,51,1
2026-03-13,000858,14:49:18,102.9000,36,1
2026-03-13,000858,14:49:21,102.9000,163,1
2026-03-13,000858,14:49:24,102.9000,22,1
2026-03-13,000858,14:49:27,102.9000,16,1
2026-03-13,000858,14:49:30,102.8800,71,2
2026-03-13,000858,14:49:33,102.8800,24,1
2026-03-13,000858,14:49:36,102.8800,5,1
2026-03-13,000858,14:49:39,102.9000,128,1
2026-03-13,000858,14:49:42,102.8900,34,1
2026-03-13,000858,14:49:45,102.8900,15,1
2026-03-13,000858,14:49:48,102.8800,23,2
2026-03-13,000858,14:49:51,102.8700,28,2
2026-03-13,000858,14:49:54,102.8800,12,2
2026-03-13,000858,14:49:57,102.8800,18,2
2026-03-13,000858,14:50:00,102.8800,13,1
2026-03-13,000858,14:50:03,102.8600,59,2
2026-03-13,000858,14:50:06,102.8700,15,2
2026-03-13,000858,14:50:09,102.8800,30,1
2026-03-13,000858,14:50:12,102.8800,14,1
2026-03-13,000858,14:50:15,102.8700,21,1
2026-03-13,000858,14:50:18,102.8900,24,1
2026-03-13,000858,14:50:21,102.8700,31,2
2026-03-13,000858,14:50:24,102.8800,27,1
2026-03-13,000858,14:50:27,102.9000,28,1
2026-03-13,000858,14:50:30,102.9000,6,1
2026-03-13,000858,14:50:33,102.9000,454,1
2026-03-13,000858,14:50:36,102.9000,22,1
2026-03-13,000858,14:50:39,102.8900,9,2
2026-03-13,000858,14:50:42,102.8900,8,1
2026-03-13,000858,14:50:45,102.8900,12,1
2026-03-13,000858,14:50:48,102.8900,11,1
2026-03-13,000858,14:50:51,102.8900,15,1
2026-03-13,000858,14:50:54,102.8900,12,2
2026-03-13,000858,14:50:57,102.9000,57,1
2026-03-13,000858,14:51:00,102.8900,42,2
2026-03-13,000858,14:51:03,102.8900,6,1
2026-03-13,000858,14:51:06,102.8900,68,1
2026-03-13,000858,14:51:09,102.8900,8,1
2026-03-13,000858,14:51:12,102.9000,17,1
2026-03-13,000858,14:51:15,102.9000,22,1
2026-03-13,000858,14:51:18,102.8900,34,2
2026-03-13,000858,14:51:21,102.8900,14,2
2026-03-13,000858,14:51:24,102.8900,16,2
2026-03-13,000858,14:51:27,102.9000,12,1
2026-03-13,000858,14:51:30,102.8900,36,2
2026-03-13,000858,14:51:33,102.9000,10,1
2026-03-13,000858,14:51:36,102.9000,3,1
2026-03-13,000858,14:51:39,102.9000,16,1
2026-03-13,000858,14:51:42,102.9000,22,1
2026-03-13,000858,14:51:45,102.9000,65,1
2026-03-13,000858,14:51:48,102.8900,29,2
2026-03-13,000858,14:51:51,102.9000,9,1
2026-03-13,000858,14:51:54,102.8900,51,2
2026-03-13,000858,14:51:57,102.9000,20,1
2026-03-13,000858,14:52:00,102.8900,22,2
2026-03-13,000858,14:52:03,102.9000,46,1
2026-03-13,000858,14:52:06,102.9000,131,1
2026-03-13,000858,14:52:09,102.9000,28,1
2026-03-13,000858,14:52:12,102.9000,59,1
2026-03-13,000858,14:52:15,102.9000,28,1
2026-03-13,000858,14:52:18,102.9000,157,1
2026-03-13,000858,14:52:21,102.9000,11,2
2026-03-13,000858,14:52:24,102.9200,14,1
2026-03-13,000858,14:52:27,102.9100,9,2
2026-03-13,000858,14:52:30,102.9200,15,1
2026-03-13,000858,14:52:33,102.9200,15,1
2026-03-13,000858,14:52:36,102.9100,7,2
2026-03-13,000858,14:52:39,102.9300,31,1
2026-03-13,000858,14:52:42,102.9300,35,1
2026-03-13,000858,14:52:45,102.9300,8,2
2026-03-13,000858,14:52:48,102.9400,15,1
2026-03-13,000858,14:52:51,102.9400,17,1
2026-03-13,000858,14:52:54,102.9300,19,2
2026-03-13,000858,14:52:57,102.9500,61,1
2026-03-13,000858,14:53:00,102.9500,18,2
2026-03-13,000858,14:53:03,102.9500,1,4
2026-03-13,000858,14:53:06,102.9600,9,1
2026-03-13,000858,14:53:09,102.9700,24,1
2026-03-13,000858,14:53:12,102.9600,12,2
2026-03-13,000858,14:53:15,102.9600,29,2
2026-03-13,000858,14:53:18,102.9600,6,2
2026-03-13,000858,14:53:21,102.9800,56,1
2026-03-13,000858,14:53:24,102.9800,11,1
2026-03-13,000858,14:53:27,102.9800,11,1
2026-03-13,000858,14:53:30,102.9800,6,4
2026-03-13,000858,14:53:33,103.0000,103,1
2026-03-13,000858,14:53:36,103.0000,10,1
2026-03-13,000858,14:53:39,102.9900,16,2
2026-03-13,000858,14:53:42,102.9900,13,2
2026-03-13,000858,14:53:45,102.9900,25,1
2026-03-13,000858,14:53:48,102.9900,53,1
2026-03-13,000858,14:53:51,102.9700,28,2
2026-03-13,000858,14:53:54,102.9700,38,2
2026-03-13,000858,14:53:57,102.9700,12,1
2026-03-13,000858,14:54:00,102.9500,84,2
2026-03-13,000858,14:54:03,102.9700,48,1
2026-03-13,000858,14:54:06,102.9700,19,1
2026-03-13,000858,14:54:09,102.9600,22,1
2026-03-13,000858,14:54:12,102.9600,9,4
2026-03-13,000858,14:54:15,102.9600,7,2
2026-03-13,000858,14:54:18,102.9600,12,2
2026-03-13,000858,14:54:21,102.9600,18,2
2026-03-13,000858,14:54:24,102.9600,22,1
2026-03-13,000858,14:54:27,102.9500,20,2
2026-03-13,000858,14:54:30,102.9600,16,1
2026-03-13,000858,14:54:33,102.9600,49,1
2026-03-13,000858,14:54:36,102.9700,9,1
2026-03-13,000858,14:54:39,102.9600,28,2
2026-03-13,000858,14:54:42,102.9600,18,2
2026-03-13,000858,14:54:45,102.9600,44,1
2026-03-13,000858,14:54:48,102.9500,42,2
2026-03-13,000858,14:54:51,102.9500,62,2
2026-03-13,000858,14:54:54,102.9500,15,2
2026-03-13,000858,14:54:57,102.9600,34,1
2026-03-13,000858,14:55:00,102.9500,100,2
2026-03-13,000858,14:55:03,102.9500,28,2
2026-03-13,000858,14:55:06,102.9500,189,2
2026-03-13,000858,14:55:09,102.9500,63,2
2026-03-13,000858,14:55:12,102.9500,12,4
2026-03-13,000858,14:55:15,102.9400,35,2
2026-03-13,000858,14:55:18,102.9500,8,1
2026-03-13,000858,14:55:21,102.9400,33,2
2026-03-13,000858,14:55:24,102.9400,12,1
2026-03-13,000858,14:55:27,102.9400,22,1
2026-03-13,000858,14:55:30,102.9300,50,2
2026-03-13,000858,14:55:33,102.9300,39,2
2026-03-13,000858,14:55:36,102.9400,60,1
2026-03-13,000858,14:55:39,102.9300,32,2
2026-03-13,000858,14:55:42,102.9400,23,1
2026-03-13,000858,14:55:45,102.9500,18,1
2026-03-13,000858,14:55:48,102.9400,37,2
2026-03-13,000858,14:55:51,102.9300,21,2
2026-03-13,000858,14:55:54,102.9400,8,1
2026-03-13,000858,14:55:57,102.9300,25,2
2026-03-13,000858,14:56:00,102.9500,19,1
2026-03-13,000858,14:56:03,102.9400,54,2
2026-03-13,000858,14:56:06,102.9400,24,2
2026-03-13,000858,14:56:09,102.9500,22,1
2026-03-13,000858,14:56:12,102.9500,75,1
2026-03-13,000858,14:56:15,102.9300,178,2
2026-03-13,000858,14:56:18,102.9300,67,1
2026-03-13,000858,14:56:21,102.9300,69,1
2026-03-13,000858,14:56:24,102.9300,46,1
2026-03-13,000858,14:56:27,102.9300,48,2
2026-03-13,000858,14:56:30,102.9300,19,2
2026-03-13,000858,14:56:33,102.9300,73,2
2026-03-13,000858,14:56:36,102.9400,29,4
2026-03-13,000858,14:56:39,102.9300,75,2
2026-03-13,000858,14:56:42,102.9400,32,1
2026-03-13,000858,14:56:45,102.9500,43,1
2026-03-13,000858,14:56:48,102.9400,14,2
2026-03-13,000858,14:56:51,102.9500,24,1
2026-03-13,000858,14:56:54,102.9400,43,2
2026-03-13,000858,14:56:57,102.9400,23,1
2026-03-13,000858,14:57:00,102.9400,11,2
2026-03-13,000858,15:00:01,102.9500,1076,4
2026-03-13,000858,13:12:12,103.2300,5,2
2026-03-13,000858,13:12:15,103.2300,10,2
2026-03-13,000858,13:12:18,103.2400,6,1
2026-03-13,000858,13:12:21,103.2300,18,2
2026-03-13,000858,13:12:24,103.2600,87,1
2026-03-13,000858,13:12:27,103.2800,75,1
2026-03-13,000858,13:12:30,103.2500,4,2
2026-03-13,000858,13:12:33,103.2700,4,1
2026-03-13,000858,13:12:36,103.2500,9,2
2026-03-13,000858,13:12:39,103.2400,20,2
2026-03-13,000858,13:12:42,103.2400,6,1
2026-03-13,000858,13:12:45,103.2500,87,1
2026-03-13,000858,13:12:48,103.2700,46,1
2026-03-13,000858,13:12:51,103.2700,9,2
2026-03-13,000858,13:12:54,103.2800,6,1
2026-03-13,000858,13:12:57,103.2800,9,1
2026-03-13,000858,13:13:00,103.2700,10,2
2026-03-13,000858,13:13:03,103.2800,59,1
2026-03-13,000858,13:13:06,103.2900,12,1
2026-03-13,000858,13:13:09,103.2800,4,2
2026-03-13,000858,13:13:12,103.2900,7,1
2026-03-13,000858,13:13:15,103.2900,6,1
2026-03-13,000858,13:13:18,103.2900,15,1
2026-03-13,000858,13:13:21,103.3000,1,1
2026-03-13,000858,13:13:24,103.3000,3,1
2026-03-13,000858,13:13:27,103.2900,58,2
2026-03-13,000858,13:13:30,103.3000,29,1
2026-03-13,000858,13:13:33,103.3000,12,2
2026-03-13,000858,13:13:36,103.3100,35,2
2026-03-13,000858,13:13:39,103.3200,10,1
2026-03-13,000858,13:13:42,103.3100,8,2
2026-03-13,000858,13:13:45,103.3100,20,1
2026-03-13,000858,13:13:48,103.3100,6,2
2026-03-13,000858,13:13:51,103.3100,10,2
2026-03-13,000858,13:13:54,103.3200,17,1
2026-03-13,000858,13:13:57,103.3100,18,2
2026-03-13,000858,13:14:00,103.3100,8,2
2026-03-13,000858,13:14:03,103.3200,13,1
2026-03-13,000858,13:14:06,103.3100,19,1
2026-03-13,000858,13:14:09,103.3100,9,1
2026-03-13,000858,13:14:12,103.3000,69,2
2026-03-13,000858,13:14:15,103.3000,34,1
2026-03-13,000858,13:14:18,103.2900,10,2
2026-03-13,000858,13:14:21,103.3000,1,1
2026-03-13,000858,13:14:24,103.2900,20,2
2026-03-13,000858,13:14:27,103.2900,27,2
2026-03-13,000858,13:14:30,103.2800,3,2
2026-03-13,000858,13:14:33,103.2900,8,1
2026-03-13,000858,13:14:36,103.2800,21,2
2026-03-13,000858,13:14:39,103.2800,6,1
2026-03-13,000858,13:14:42,103.2800,19,1
2026-03-13,000858,13:14:45,103.2600,23,2
2026-03-13,000858,13:14:48,103.2600,5,2
2026-03-13,000858,13:14:51,103.2600,4,1
2026-03-13,000858,13:14:54,103.2500,3,4
2026-03-13,000858,13:14:57,103.2400,7,2
2026-03-13,000858,13:15:00,103.2300,4,2
2026-03-13,000858,13:15:03,103.2300,9,2
2026-03-13,000858,13:15:06,103.2100,24,2
2026-03-13,000858,13:15:09,103.2000,1,2
2026-03-13,000858,13:15:12,103.2000,13,2
2026-03-13,000858,13:15:15,103.2000,12,2
2026-03-13,000858,13:15:18,103.2100,23,1
2026-03-13,000858,13:15:21,103.2000,14,2
2026-03-13,000858,13:15:24,103.2000,5,2
2026-03-13,000858,13:15:27,103.2000,11,1
2026-03-13,000858,13:15:30,103.2000,29,2
2026-03-13,000858,13:15:33,103.2100,46,1
2026-03-13,000858,13:15:36,103.2100,4,2
2026-03-13,000858,13:15:39,103.2100,12,2
2026-03-13,000858,13:15:42,103.2000,48,2
2026-03-13,000858,13:15:45,103.1800,9,2
2026-03-13,000858,13:15:48,103.2000,4,2
2026-03-13,000858,13:15:51,103.2000,20,2
2026-03-13,000858,13:15:54,103.2000,3,1
2026-03-13,000858,13:15:57,103.1900,17,2
2026-03-13,000858,13:16:00,103.1700,12,2
2026-03-13,000858,13:16:06,103.1600,93,2
2026-03-13,000858,13:16:09,103.1600,4,1
2026-03-13,000858,13:16:12,103.1300,74,2
2026-03-13,000858,13:16:15,103.1300,2,2
2026-03-13,000858,13:16:18,103.1300,21,2
2026-03-13,000858,13:16:21,103.1500,9,2
2026-03-13,000858,13:16:24,103.1300,17,2
2026-03-13,000858,13:16:27,103.1600,8,1
2026-03-13,000858,13:16:30,103.1300,4,2
2026-03-13,000858,13:16:33,103.1400,16,4
2026-03-13,000858,13:16:36,103.1400,32,1
2026-03-13,000858,13:16:39,103.1300,7,2
2026-03-13,000858,13:16:45,103.1400,56,1
2026-03-13,000858,13:16:48,103.1400,27,1
2026-03-13,000858,13:16:51,103.1300,1,2
2026-03-13,000858,13:16:54,103.1300,14,2
2026-03-13,000858,13:16:57,103.1400,22,1
2026-03-13,000858,13:17:00,103.1300,3,1
2026-03-13,000858,13:17:03,103.1300,8,1
2026-03-13,000858,13:17:06,103.1300,41,2
2026-03-13,000858,13:17:09,103.1500,22,1
2026-03-13,000858,13:17:12,103.1400,2,4
2026-03-13,000858,13:17:15,103.1500,21,1
2026-03-13,000858,13:17:18,103.1500,6,1
2026-03-13,000858,13:17:21,103.1500,6,1
2026-03-13,000858,13:17:24,103.1400,1,4
2026-03-13,000858,13:17:27,103.1500,3,1
2026-03-13,000858,13:17:30,103.1400,15,2
2026-03-13,000858,13:17:33,103.1300,10,2
2026-03-13,000858,13:17:36,103.1400,4,1
2026-03-13,000858,13:17:39,103.1400,2,1
2026-03-13,000858,13:17:42,103.1400,11,1
2026-03-13,000858,13:17:45,103.1400,22,2
2026-03-13,000858,13:17:48,103.1500,3,1
2026-03-13,000858,13:17:51,103.1500,4,1
2026-03-13,000858,13:17:54,103.1500,6,1
2026-03-13,000858,13:17:57,103.1000,166,2
2026-03-13,000858,13:18:00,103.1000,1,2
2026-03-13,000858,13:18:03,103.1500,3,1
2026-03-13,000858,13:18:06,103.1000,5,2
2026-03-13,000858,13:18:12,103.1100,3,2
2026-03-13,000858,13:18:15,103.1300,5,1
2026-03-13,000858,13:18:18,103.1300,5,1
2026-03-13,000858,13:18:21,103.1200,3,4
2026-03-13,000858,13:18:24,103.1100,4,2
2026-03-13,000858,13:18:27,103.1300,9,1
2026-03-13,000858,13:18:30,103.1200,6,1
2026-03-13,000858,13:18:36,103.1300,16,1
2026-03-13,000858,13:18:39,103.1300,13,1
2026-03-13,000858,13:18:42,103.1300,7,1
2026-03-13,000858,13:18:45,103.1300,17,2
2026-03-13,000858,13:18:48,103.1300,5,2
2026-03-13,000858,13:18:51,103.1300,24,2
2026-03-13,000858,13:18:54,103.1500,4,1
2026-03-13,000858,13:19:00,103.1200,9,2
2026-03-13,000858,13:19:03,103.1500,1,1
2026-03-13,000858,13:19:09,103.1400,1,1
2026-03-13,000858,13:19:12,103.1300,2,2
2026-03-13,000858,13:19:15,103.1400,5,1
2026-03-13,000858,13:19:21,103.1400,6,1
2026-03-13,000858,13:19:24,103.1300,2,2
2026-03-13,000858,13:19:27,103.1400,3,1
2026-03-13,000858,13:19:30,103.1400,1,4
2026-03-13,000858,13:19:33,103.1400,4,1
2026-03-13,000858,13:19:36,103.1400,2,1
2026-03-13,000858,13:19:39,103.1400,5,1
2026-03-13,000858,13:19:42,103.1400,5,1
2026-03-13,000858,13:19:45,103.1400,9,1
2026-03-13,000858,13:19:48,103.1400,1,4
2026-03-13,000858,13:19:51,103.1500,8,1
2026-03-13,000858,13:19:54,103.1400,17,2
2026-03-13,000858,13:20:00,103.1400,9,2
2026-03-13,000858,13:20:03,103.1400,1,2
2026-03-13,000858,13:20:06,103.1400,12,2
2026-03-13,000858,13:20:09,103.1400,54,2
2026-03-13,000858,13:20:12,103.1500,2,1
2026-03-13,000858,13:20:15,103.1500,4,1
2026-03-13,000858,13:20:18,103.1400,21,2
2026-03-13,000858,13:20:21,103.1400,34,2
2026-03-13,000858,13:20:24,103.1500,12,1
2026-03-13,000858,13:20:27,103.1500,13,1
2026-03-13,000858,13:20:30,103.1400,14,4
2026-03-13,000858,13:20:33,103.1300,52,2
2026-03-13,000858,13:20:36,103.1300,3,2
2026-03-13,000858,13:20:39,103.1400,18,1
2026-03-13,000858,13:20:42,103.1400,2,1
2026-03-13,000858,13:20:45,103.1300,3,1
2026-03-13,000858,13:20:48,103.1300,6,1
2026-03-13,000858,13:20:51,103.1300,2,1
2026-03-13,000858,13:20:54,103.1400,1,1
2026-03-13,000858,13:21:00,103.1400,2,1
2026-03-13,000858,13:21:03,103.1400,3,1
2026-03-13,000858,13:21:06,103.1400,4,1
2026-03-13,000858,13:21:09,103.1400,1,1
2026-03-13,000858,13:21:12,103.1400,16,1
2026-03-13,000858,13:21:15,103.1400,6,1
2026-03-13,000858,13:21:18,103.1400,1,1
2026-03-13,000858,13:21:21,103.1400,7,1
2026-03-13,000858,13:21:24,103.1400,14,1
2026-03-13,000858,13:21:27,103.1400,2,1
2026-03-13,000858,13:21:30,103.1400,7,2
2026-03-13,000858,13:21:33,103.1400,8,2
2026-03-13,000858,13:21:36,103.1400,13,2
2026-03-13,000858,13:21:39,103.1300,2,2
2026-03-13,000858,13:21:42,103.1500,7,1
2026-03-13,000858,13:21:48,103.1300,1,2
2026-03-13,000858,13:21:54,103.1400,12,1
2026-03-13,000858,13:21:57,103.1300,21,1
2026-03-13,000858,13:22:00,103.1400,3,1
2026-03-13,000858,13:22:03,103.1300,14,2
2026-03-13,000858,13:22:06,103.1300,2,2
2026-03-13,000858,13:22:12,103.1300,14,2
2026-03-13,000858,13:22:15,103.1300,2,2
2026-03-13,000858,13:22:18,103.1400,11,1
2026-03-13,000858,13:22:24,103.1400,18,1
2026-03-13,000858,13:22:27,103.1400,2,2
2026-03-13,000858,13:22:30,103.1400,7,2
2026-03-13,000858,13:22:33,103.1400,4,1
2026-03-13,000858,13:22:36,103.1400,1,2
2026-03-13,000858,13:22:39,103.1400,2,4
2026-03-13,000858,13:22:42,103.1300,29,2
2026-03-13,000858,13:22:45,103.1400,7,1
2026-03-13,000858,13:22:48,103.1500,7,1
2026-03-13,000858,13:22:51,103.1400,2,2
2026-03-13,000858,13:22:54,103.1500,2,1
2026-03-13,000858,13:22:57,103.1500,3,1
2026-03-13,000858,13:23:03,103.1400,43,2
2026-03-13,000858,13:23:06,103.1500,2,1
2026-03-13,000858,13:23:09,103.1500,11,1
2026-03-13,000858,13:23:12,103.1500,11,1
2026-03-13,000858,13:23:15,103.1500,15,1
2026-03-13,000858,13:23:18,103.1500,26,2
2026-03-13,000858,13:23:21,103.1600,7,1
2026-03-13,000858,13:23:24,103.1500,3,2
2026-03-13,000858,13:23:27,103.1500,1,2
2026-03-13,000858,13:23:30,103.1500,23,2
2026-03-13,000858,13:23:33,103.1600,17,1
2026-03-13,000858,13:23:36,103.1500,1,2
2026-03-13,000858,13:23:39,103.1600,3,1
2026-03-13,000858,13:23:42,103.1500,6,2
2026-03-13,000858,13:23:45,103.1500,4,2
2026-03-13,000858,13:23:48,103.1600,5,1
2026-03-13,000858,13:23:51,103.1500,17,2
2026-03-13,000858,13:23:54,103.1500,2,2
2026-03-13,000858,13:23:57,103.1500,0,2
2026-03-13,000858,13:24:00,103.1500,19,1
2026-03-13,000858,13:24:03,103.1400,11,2
2026-03-13,000858,13:24:06,103.1500,28,1
2026-03-13,000858,13:24:09,103.1600,27,1
2026-03-13,000858,13:24:12,103.1500,2,4
2026-03-13,000858,13:24:15,103.1500,11,1
2026-03-13,000858,13:24:18,103.1400,15,2
2026-03-13,000858,13:24:21,103.1600,6,1
2026-03-13,000858,13:24:24,103.1500,8,2
2026-03-13,000858,13:24:27,103.1500,3,2
2026-03-13,000858,13:24:30,103.1400,25,2
2026-03-13,000858,13:24:33,103.1300,13,2
2026-03-13,000858,13:24:36,103.1500,11,1
2026-03-13,000858,13:24:39,103.1400,5,2
2026-03-13,000858,13:24:42,103.1300,2,2
2026-03-13,000858,13:24:45,103.1300,50,2
2026-03-13,000858,13:24:48,103.1300,9,2
2026-03-13,000858,13:24:51,103.1400,6,1
2026-03-13,000858,13:24:54,103.1400,1,2
2026-03-13,000858,13:24:57,103.1400,17,2
2026-03-13,000858,13:25:00,103.1300,1,2
2026-03-13,000858,13:25:03,103.1300,2,2
2026-03-13,000858,13:25:06,103.1300,11,2
2026-03-13,000858,13:25:09,103.1300,5,2
2026-03-13,000858,13:25:12,103.1400,3,4
2026-03-13,000858,13:25:15,103.1300,15,2
2026-03-13,000858,13:25:18,103.1400,1,4
2026-03-13,000858,13:25:21,103.1400,7,4
2026-03-13,000858,13:25:24,103.1400,14,4
2026-03-13,000858,13:25:27,103.1400,2,2
2026-03-13,000858,13:25:30,103.1400,9,1
2026-03-13,000858,13:25:33,103.1400,2,1
2026-03-13,000858,13:25:36,103.1300,8,2
2026-03-13,000858,13:25:39,103.1400,8,1
2026-03-13,000858,13:25:42,103.1500,5,1
2026-03-13,000858,13:25:45,103.1400,34,2
2026-03-13,000858,13:25:48,103.1300,20,2
2026-03-13,000858,13:25:51,103.1400,6,1
2026-03-13,000858,13:25:54,103.1300,1,2
2026-03-13,000858,13:25:57,103.1300,63,2
2026-03-13,000858,13:26:00,103.1300,10,2
2026-03-13,000858,13:26:03,103.1200,325,2
2026-03-13,000858,13:26:06,103.1200,22,1
2026-03-13,000858,13:26:09,103.1100,6,2
2026-03-13,000858,13:26:12,103.1100,16,2
2026-03-13,000858,13:26:15,103.1100,1,1
2026-03-13,000858,13:26:18,103.1000,18,2
2026-03-13,000858,13:26:21,103.1000,11,2
2026-03-13,000858,13:26:24,103.1100,9,1
2026-03-13,000858,13:26:27,103.1000,28,2
2026-03-13,000858,13:26:30,103.1000,16,2
2026-03-13,000858,13:26:33,103.1000,17,2
2026-03-13,000858,13:26:36,103.1000,23,2
2026-03-13,000858,13:26:39,103.0900,41,2
2026-03-13,000858,13:26:45,103.0800,5,2
2026-03-13,000858,13:26:48,103.0900,8,2
2026-03-13,000858,13:26:51,103.0800,8,2
2026-03-13,000858,13:26:57,103.0800,3,2
2026-03-13,000858,13:27:00,103.0800,4,2
2026-03-13,000858,13:27:03,103.0800,26,2
2026-03-13,000858,13:27:06,103.0600,29,2
2026-03-13,000858,13:27:09,103.0800,6,1
2026-03-13,000858,13:27:12,103.0600,4,2
2026-03-13,000858,13:27:18,103.0700,3,2
2026-03-13,000858,13:27:21,103.0800,16,1
2026-03-13,000858,13:27:24,103.0700,1,4
2026-03-13,000858,13:27:27,103.0700,7,2
2026-03-13,000858,13:27:30,103.0700,1,2
2026-03-13,000858,13:27:33,103.0700,1,1
2026-03-13,000858,13:27:36,103.0600,2,2
2026-03-13,000858,13:27:39,103.0600,18,2
2026-03-13,000858,13:27:42,103.0700,33,1
2026-03-13,000858,13:27:45,103.0600,7,2
2026-03-13,000858,13:27:48,103.0700,22,1
2026-03-13,000858,13:27:51,103.0600,1,2
2026-03-13,000858,13:27:57,103.0600,4,2
2026-03-13,000858,13:28:00,103.0500,21,2
2026-03-13,000858,13:28:03,103.0500,6,2
2026-03-13,000858,13:28:06,103.0500,20,2
2026-03-13,000858,13:28:15,103.0500,16,2
2026-03-13,000858,13:28:18,103.0400,5,2
2026-03-13,000858,13:28:21,103.0400,17,2
2026-03-13,000858,13:28:24,103.0600,9,1
2026-03-13,000858,13:28:27,103.0400,1,2
2026-03-13,000858,13:28:30,103.0400,3,2
2026-03-13,000858,13:28:33,103.0600,6,1
2026-03-13,000858,13:28:36,103.0400,8,2
2026-03-13,000858,13:28:39,103.0600,3,1
2026-03-13,000858,13:28:42,103.0400,3,2
2026-03-13,000858,13:28:45,103.0600,4,1
2026-03-13,000858,13:28:48,103.0500,21,2
2026-03-13,000858,13:28:54,103.0500,2,2
2026-03-13,000858,13:28:57,103.0600,21,1
2026-03-13,000858,13:29:00,103.0600,1,2
2026-03-13,000858,13:29:03,103.0400,40,2
2026-03-13,000858,13:29:06,103.0600,16,1
2026-03-13,000858,13:29:09,103.0600,3,4
2026-03-13,000858,13:29:12,103.0500,19,2
2026-03-13,000858,13:29:15,103.0400,10,2
2026-03-13,000858,13:29:18,103.0600,5,1
2026-03-13,000858,13:29:21,103.0600,3,1
2026-03-13,000858,13:29:27,103.0500,17,1
2026-03-13,000858,13:29:30,103.0500,1,1
2026-03-13,000858,13:29:33,103.0500,8,1
2026-03-13,000858,13:29:36,103.0400,54,2
2026-03-13,000858,13:29:39,103.0400,23,2
2026-03-13,000858,13:29:42,103.0500,3,2
2026-03-13,000858,13:29:45,103.0700,12,1
2026-03-13,000858,13:29:54,103.0600,5,1
2026-03-13,000858,13:29:57,103.0400,6,2
2026-03-13,000858,13:30:00,103.0500,8,1
2026-03-13,000858,13:30:03,103.0400,5,2
2026-03-13,000858,13:30:06,103.0500,3,1
2026-03-13,000858,13:30:12,103.0600,9,1
2026-03-13,000858,13:30:15,103.0600,78,1
2026-03-13,000858,13:30:21,103.0500,2,1
2026-03-13,000858,13:30:24,103.0600,5,1
2026-03-13,000858,13:30:27,103.0700,2,1
2026-03-13,000858,13:30:30,103.0600,2,1
2026-03-13,000858,13:30:33,103.0500,34,2
2026-03-13,000858,13:30:36,103.0600,3,1
2026-03-13,000858,13:30:39,103.0400,22,2
2026-03-13,000858,13:30:42,103.0500,2,1
2026-03-13,000858,13:30:45,103.0500,28,4
2026-03-13,000858,13:30:51,103.0500,9,2
2026-03-13,000858,13:30:54,103.0700,21,1
2026-03-13,000858,13:30:57,103.0500,2,1
2026-03-13,000858,13:31:00,103.0500,4,2
2026-03-13,000858,13:31:03,103.0600,1,1
2026-03-13,000858,13:31:06,103.0500,15,2
2026-03-13,000858,13:31:09,103.0600,5,1
2026-03-13,000858,13:31:12,103.0500,4,2
2026-03-13,000858,13:31:18,103.0500,9,2
2026-03-13,000858,13:31:21,103.0600,3,1
2026-03-13,000858,13:31:24,103.0600,4,1
2026-03-13,000858,13:31:27,103.0500,6,2
2026-03-13,000858,13:31:30,103.0700,30,1
2026-03-13,000858,13:31:33,103.0500,4,2
2026-03-13,000858,13:31:39,103.0600,2,1
2026-03-13,000858,13:31:42,103.0600,1,2
2026-03-13,000858,13:31:45,103.0600,7,2
2026-03-13,000858,13:31:48,103.0600,6,2
2026-03-13,000858,13:31:51,103.0700,15,1
2026-03-13,000858,13:31:54,103.0700,8,1
2026-03-13,000858,13:31:57,103.0700,16,1
2026-03-13,000858,13:32:00,103.0600,5,2
2026-03-13,000858,13:32:03,103.0700,9,1
2026-03-13,000858,13:32:06,103.0800,18,1
2026-03-13,000858,13:32:09,103.0700,2,1
2026-03-13,000858,13:32:12,103.0700,4,2
2026-03-13,000858,13:32:15,103.0800,8,1
2026-03-13,000858,13:32:18,103.0800,9,1
2026-03-13,000858,13:32:21,103.0800,10,1
2026-03-13,000858,13:32:24,103.0700,5,2
2026-03-13,000858,13:32:27,103.0800,7,1
2026-03-13,000858,13:32:30,103.0700,18,2
2026-03-13,000858,13:32:33,103.0700,8,1
2026-03-13,000858,13:32:36,103.0700,5,1
2026-03-13,000858,13:32:39,103.0700,5,1
2026-03-13,000858,13:32:45,103.0600,7,2
2026-03-13,000858,13:32:48,103.0800,8,1
2026-03-13,000858,13:32:51,103.0600,14,2
2026-03-13,000858,13:32:54,103.0800,23,1
2026-03-13,000858,13:32:57,103.0800,18,1
2026-03-13,000858,13:33:00,103.0700,1,4
2026-03-13,000858,13:33:06,103.0600,28,2
2026-03-13,000858,13:33:09,103.0700,9,1
2026-03-13,000858,13:33:12,103.0700,6,1
2026-03-13,000858,13:33:15,103.0800,4,2
2026-03-13,000858,13:33:18,103.1000,41,1
2026-03-13,000858,13:33:21,103.1100,22,1
2026-03-13,000858,13:33:33,103.1100,2,1
2026-03-13,000858,13:33:36,103.1100,5,1
2026-03-13,000858,13:33:39,103.1100,3,1
2026-03-13,000858,13:33:42,103.1100,5,1
2026-03-13,000858,13:33:45,103.1100,2,1
2026-03-13,000858,13:33:48,103.1100,1,4
2026-03-13,000858,13:33:51,103.1200,12,1
2026-03-13,000858,13:33:54,103.1300,27,1
2026-03-13,000858,13:33:57,103.1400,16,1
2026-03-13,000858,13:34:00,103.1400,29,1
2026-03-13,000858,13:34:03,103.1100,14,2
2026-03-13,000858,13:34:06,103.1000,6,2
2026-03-13,000858,13:34:09,103.1300,9,1
2026-03-13,000858,13:34:12,103.1300,1,2
2026-03-13,000858,13:34:15,103.1400,71,1
2026-03-13,000858,13:34:18,103.1500,8,1
2026-03-13,000858,13:34:21,103.1500,1,1
2026-03-13,000858,13:34:27,103.1500,4,1
2026-03-13,000858,13:34:30,103.1500,7,1
2026-03-13,000858,13:34:33,103.1300,52,2
2026-03-13,000858,13:34:36,103.1400,13,1
2026-03-13,000858,13:34:39,103.1300,7,1
2026-03-13,000858,13:34:42,103.1400,24,1
2026-03-13,000858,13:34:45,103.1400,2,1
2026-03-13,000858,13:34:48,103.1500,2,1
2026-03-13,000858,13:34:51,103.1300,10,2
2026-03-13,000858,13:34:54,103.1400,2,1
2026-03-13,000858,13:35:00,103.1100,4,2
2026-03-13,000858,13:35:03,103.1400,38,1
2026-03-13,000858,13:35:06,103.1500,29,1
2026-03-13,000858,13:35:15,103.1600,79,1
2026-03-13,000858,13:35:18,103.1700,3,1
2026-03-13,000858,13:35:21,103.1700,2,1
2026-03-13,000858,13:35:24,103.1500,4,2
2026-03-13,000858,13:35:27,103.1700,3,1
2026-03-13,000858,13:35:30,103.1400,1,2
2026-03-13,000858,13:35:36,103.1500,23,1
2026-03-13,000858,13:35:39,103.1400,5,2
2026-03-13,000858,13:35:42,103.1400,2,2
2026-03-13,000858,13:35:45,103.1600,21,1
2026-03-13,000858,13:35:48,103.1600,2,1
2026-03-13,000858,13:35:51,103.1400,1,1
2026-03-13,000858,13:35:54,103.1500,12,1
2026-03-13,000858,13:35:57,103.1400,1,2
2026-03-13,000858,13:36:00,103.1500,2,1
2026-03-13,000858,13:36:03,103.1100,18,2
2026-03-13,000858,13:36:06,103.1500,10,1
2026-03-13,000858,13:36:09,103.1100,11,2
2026-03-13,000858,13:36:12,103.1000,31,2
2026-03-13,000858,13:36:15,103.1000,21,2
2026-03-13,000858,13:36:18,103.0900,19,2
2026-03-13,000858,13:36:21,103.1000,5,1
2026-03-13,000858,13:36:24,103.1000,7,1
2026-03-13,000858,13:36:27,103.0900,3,2
2026-03-13,000858,13:36:33,103.1000,5,2
2026-03-13,000858,13:36:36,103.1100,7,1
2026-03-13,000858,13:36:39,103.1000,9,2
2026-03-13,000858,13:36:42,103.1000,8,1
2026-03-13,000858,13:36:48,103.1000,1,1
2026-03-13,000858,13:36:51,103.1000,1,1
2026-03-13,000858,13:36:54,103.1000,9,1
2026-03-13,000858,13:36:57,103.1000,3,1
2026-03-13,000858,13:37:00,103.0900,1,4
2026-03-13,000858,13:37:03,103.0900,1,2
2026-03-13,000858,13:37:06,103.1000,5,1
2026-03-13,000858,13:37:09,103.1000,12,2
2026-03-13,000858,13:37:12,103.1000,3,1
2026-03-13,000858,13:37:18,103.0900,1,2
2026-03-13,000858,13:37:24,103.1000,23,1
2026-03-13,000858,13:37:27,103.0900,9,2
2026-03-13,000858,13:37:33,103.0900,1,1
2026-03-13,000858,13:37:36,103.0800,9,2
2026-03-13,000858,13:37:39,103.0800,15,2
2026-03-13,000858,13:37:42,103.0800,14,2
2026-03-13,000858,13:37:45,103.1000,18,1
2026-03-13,000858,13:37:51,103.1000,3,1
2026-03-13,000858,13:37:54,103.0900,4,2
2026-03-13,000858,13:37:57,103.1000,7,1
2026-03-13,000858,13:38:00,103.0900,4,2
2026-03-13,000858,13:38:03,103.1000,3,1
2026-03-13,000858,13:38:06,103.0900,7,1
2026-03-13,000858,13:38:09,103.0900,1,4
2026-03-13,000858,13:38:12,103.0800,4,2
2026-03-13,000858,13:38:15,103.0800,2,2
2026-03-13,000858,13:38:18,103.0900,2,1
2026-03-13,000858,13:38:21,103.1000,1,1
2026-03-13,000858,13:38:24,103.0900,4,2
2026-03-13,000858,13:38:27,103.1000,36,1
2026-03-13,000858,13:38:30,103.1000,2,1
2026-03-13,000858,13:38:33,103.0800,14,2
2026-03-13,000858,13:38:36,103.0900,18,4
2026-03-13,000858,13:38:42,103.0800,1,2
2026-03-13,000858,13:38:45,103.1000,22,1
2026-03-13,000858,13:38:48,103.1000,3,2
2026-03-13,000858,13:38:51,103.1100,8,1
2026-03-13,000858,13:38:54,103.1100,9,1
2026-03-13,000858,13:38:57,103.1200,29,1
2026-03-13,000858,13:39:00,103.1100,13,2
2026-03-13,000858,13:39:03,103.1100,1,2
2026-03-13,000858,13:39:06,103.1100,5,2
2026-03-13,000858,13:39:09,103.1100,32,2
2026-03-13,000858,13:39:12,103.1200,2,1
2026-03-13,000858,13:39:18,103.1200,8,1
2026-03-13,000858,13:39:21,103.1200,1,1
2026-03-13,000858,13:39:24,103.1200,5,1
2026-03-13,000858,13:39:27,103.1100,4,2
2026-03-13,000858,13:39:30,103.1100,3,2
2026-03-13,000858,13:39:33,103.1100,1,2
2026-03-13,000858,13:39:36,103.1500,148,1
2026-03-13,000858,13:39:39,103.1500,1,2
2026-03-13,000858,13:39:42,103.1600,1,1
2026-03-13,000858,13:39:45,103.1500,21,2
2026-03-13,000858,13:39:48,103.1600,2,1
2026-03-13,000858,13:39:51,103.1600,1,1
2026-03-13,000858,13:39:54,103.1600,9,1
2026-03-13,000858,13:40:00,103.1600,23,1
2026-03-13,000858,13:40:03,103.1600,28,1
2026-03-13,000858,13:40:06,103.1600,43,1
2026-03-13,000858,13:40:09,103.1600,7,1
2026-03-13,000858,13:40:12,103.1600,5,1
2026-03-13,000858,13:40:15,103.1500,3,2
2026-03-13,000858,13:40:18,103.1600,27,1
2026-03-13,000858,13:40:21,103.1600,19,2
2026-03-13,000858,13:40:24,103.1700,3,1
2026-03-13,000858,13:40:30,103.1600,1,4
2026-03-13,000858,13:40:33,103.1700,1,1
2026-03-13,000858,13:40:36,103.1300,161,2
2026-03-13,000858,13:40:39,103.1100,6,2
2026-03-13,000858,13:40:42,103.1500,10,1
2026-03-13,000858,13:40:48,103.1400,1,1
2026-03-13,000858,13:40:54,103.1500,29,1
2026-03-13,000858,13:40:57,103.1300,6,2
2026-03-13,000858,13:41:00,103.1400,6,2
2026-03-13,000858,13:41:03,103.1500,2,1
2026-03-13,000858,13:41:06,103.1500,5,1
2026-03-13,000858,13:41:09,103.1500,2,1
2026-03-13,000858,13:41:12,103.1500,29,1
2026-03-13,000858,13:41:15,103.1300,2,1
2026-03-13,000858,13:41:21,103.1300,13,2
2026-03-13,000858,13:41:24,103.1200,5,2
2026-03-13,000858,13:41:27,103.1300,1,1
2026-03-13,000858,13:41:30,103.1300,10,1
2026-03-13,000858,13:41:36,103.1300,5,2
2026-03-13,000858,13:41:39,103.1300,3,2
2026-03-13,000858,13:41:42,103.1400,1,1
2026-03-13,000858,13:41:45,103.1300,3,2
2026-03-13,000858,13:41:48,103.1400,2,1
2026-03-13,000858,13:41:51,103.1400,2,1
2026-03-13,000858,13:41:54,103.1400,3,1
2026-03-13,000858,13:41:57,103.1400,10,1
2026-03-13,000858,13:42:00,103.1400,2,1
2026-03-13,000858,13:42:03,103.1300,5,2
2026-03-13,000858,13:42:06,103.1400,1,1
2026-03-13,000858,13:42:09,103.1400,5,1
2026-03-13,000858,13:42:12,103.1300,1,2
2026-03-13,000858,13:42:15,103.1300,37,2
2026-03-13,000858,13:42:18,103.1200,5,2
2026-03-13,000858,13:42:21,103.1300,10,1
2026-03-13,000858,13:42:24,103.1100,11,2
2026-03-13,000858,13:42:27,103.1100,3,2
2026-03-13,000858,13:42:33,103.1100,2,2
2026-03-13,000858,13:42:36,103.1200,15,1
2026-03-13,000858,13:42:39,103.0800,308,2
2026-03-13,000858,13:42:42,103.0800,13,1
2026-03-13,000858,13:42:45,103.0700,2,1
2026-03-13,000858,13:42:48,103.0800,17,1
2026-03-13,000858,13:42:51,103.0800,17,1
2026-03-13,000858,13:42:54,103.0700,10,4
2026-03-13,000858,13:42:57,103.0800,3,4
2026-03-13,000858,13:43:03,103.0700,4,2
2026-03-13,000858,13:43:06,103.0900,15,1
2026-03-13,000858,13:43:09,103.0700,2,2
2026-03-13,000858,13:43:12,103.0700,2,1
2026-03-13,000858,13:43:15,103.0600,4,2
2026-03-13,000858,13:43:18,103.0600,9,2
2026-03-13,000858,13:43:21,103.0600,2,2
2026-03-13,000858,13:43:24,103.0500,22,2
2026-03-13,000858,13:43:27,103.0600,1,1
2026-03-13,000858,13:43:30,103.0500,1,2
2026-03-13,000858,13:43:33,103.0500,12,4
2026-03-13,000858,13:43:36,103.0600,3,1
2026-03-13,000858,13:43:39,103.0600,7,2
2026-03-13,000858,13:43:42,103.0600,14,2
2026-03-13,000858,13:43:45,103.0800,28,1
2026-03-13,000858,13:43:48,103.0700,17,1
2026-03-13,000858,13:43:51,103.0700,1,2
2026-03-13,000858,13:43:54,103.0500,11,2
2026-03-13,000858,13:44:03,103.0400,32,2
2026-03-13,000858,13:44:09,103.0400,7,2
2026-03-13,000858,13:44:15,103.0400,18,2
2026-03-13,000858,13:44:18,103.0400,25,2
2026-03-13,000858,13:44:21,103.0400,4,1
2026-03-13,000858,13:44:24,103.0400,24,2
2026-03-13,000858,13:44:27,103.0500,13,1
2026-03-13,000858,13:44:30,103.0400,4,1
2026-03-13,000858,13:44:36,103.0400,28,1
2026-03-13,000858,13:44:39,103.0300,3,2
2026-03-13,000858,13:44:42,103.0300,32,2
2026-03-13,000858,13:44:45,103.0200,5,2
2026-03-13,000858,13:44:48,103.0300,6,1
2026-03-13,000858,13:44:51,103.0200,2,2
2026-03-13,000858,13:44:54,103.0200,3,2
2026-03-13,000858,13:44:57,103.0200,1,2
2026-03-13,000858,13:45:00,103.0200,88,2
2026-03-13,000858,13:45:03,103.0100,2,2
2026-03-13,000858,13:45:06,103.0200,6,1
2026-03-13,000858,13:45:09,103.0100,13,2
2026-03-13,000858,13:45:12,103.0100,7,2
2026-03-13,000858,13:45:15,103.0100,10,2
2026-03-13,000858,13:45:18,103.0100,15,2
2026-03-13,000858,13:45:21,103.0200,8,1
2026-03-13,000858,13:45:24,103.0100,5,2
2026-03-13,000858,13:45:27,103.0200,50,1
2026-03-13,000858,13:45:30,103.0300,6,1
2026-03-13,000858,13:45:33,103.0300,15,1
2026-03-13,000858,13:45:36,103.0300,67,1
2026-03-13,000858,13:45:39,103.0300,8,1
2026-03-13,000858,13:45:42,103.0300,1,1
2026-03-13,000858,13:45:45,103.0200,2,2
2026-03-13,000858,13:45:48,103.0300,5,1
2026-03-13,000858,13:45:51,103.0300,17,1
2026-03-13,000858,13:45:54,103.0300,14,1
2026-03-13,000858,13:45:57,103.0300,18,1
2026-03-13,000858,13:46:00,103.0300,7,1
2026-03-13,000858,13:46:03,103.0400,134,1
2026-03-13,000858,13:46:06,103.0300,9,4
2026-03-13,000858,13:46:09,103.0300,6,1
2026-03-13,000858,13:46:12,103.0400,7,1
2026-03-13,000858,13:46:15,103.0400,3,1
2026-03-13,000858,13:46:18,103.0300,1,2
2026-03-13,000858,13:46:21,103.0400,2,1
2026-03-13,000858,13:46:24,103.0300,44,2
2026-03-13,000858,13:46:30,103.0300,15,1
2026-03-13,000858,13:46:33,103.0200,12,2
2026-03-13,000858,13:46:36,103.0300,8,1
2026-03-13,000858,13:46:39,103.0200,267,2
2026-03-13,000858,13:46:42,103.0100,1,2
2026-03-13,000858,13:46:45,103.0200,4,1
2026-03-13,000858,13:46:48,103.0200,8,1
2026-03-13,000858,13:46:51,103.0200,27,1
2026-03-13,000858,13:46:54,103.0200,5,1
2026-03-13,000858,13:46:57,103.0200,12,1
2026-03-13,000858,13:47:00,103.0200,7,1
2026-03-13,000858,13:47:03,103.0100,5,2
2026-03-13,000858,13:47:06,103.0100,15,2
2026-03-13,000858,13:47:09,103.0100,4,2
2026-03-13,000858,13:47:12,103.0100,22,2
2026-03-13,000858,13:47:15,103.0100,21,2
2026-03-13,000858,13:47:18,103.0100,8,2
2026-03-13,000858,13:47:21,103.0100,30,2
2026-03-13,000858,13:47:24,103.0200,55,1
2026-03-13,000858,13:47:27,103.0200,7,1
2026-03-13,000858,13:47:30,103.0200,22,1
2026-03-13,000858,13:47:33,103.0100,21,2
2026-03-13,000858,13:47:36,103.0100,7,2
2026-03-13,000858,13:47:39,103.0200,1,1
2026-03-13,000858,13:47:42,103.0100,52,2
2026-03-13,000858,13:47:45,103.0100,1,2
2026-03-13,000858,13:47:48,103.0200,12,1
2026-03-13,000858,13:47:51,103.0200,11,1
2026-03-13,000858,13:47:54,103.0200,2,1
2026-03-13,000858,13:47:57,103.0100,3,2
2026-03-13,000858,13:48:00,103.0100,11,2
2026-03-13,000858,13:48:03,103.0100,13,2
2026-03-13,000858,13:48:06,103.0000,120,2
2026-03-13,000858,13:48:09,103.0100,72,1
2026-03-13,000858,13:48:12,103.0100,45,1
2026-03-13,000858,13:48:15,103.0200,5,1
2026-03-13,000858,13:48:18,103.0200,4,1
2026-03-13,000858,13:48:21,103.0100,43,2
2026-03-13,000858,13:48:24,103.0200,8,1
2026-03-13,000858,13:48:27,103.0100,26,2
2026-03-13,000858,13:48:30,103.0100,1,2
2026-03-13,000858,13:48:33,103.0100,2,2
2026-03-13,000858,13:48:39,103.0100,14,2
2026-03-13,000858,13:48:42,103.0200,5,1
2026-03-13,000858,13:48:45,103.0100,1,2
2026-03-13,000858,13:48:48,103.0100,11,2
2026-03-13,000858,13:48:51,103.0100,8,2
2026-03-13,000858,13:48:54,103.0200,3,1
2026-03-13,000858,13:48:57,103.0100,11,2
2026-03-13,000858,13:49:00,103.0100,8,2
2026-03-13,000858,13:49:03,103.0200,38,1
2026-03-13,000858,13:49:06,103.0100,1,4
2026-03-13,000858,13:49:09,103.0000,68,2
2026-03-13,000858,13:49:12,103.0000,4,2
2026-03-13,000858,13:49:15,103.0100,1,1
2026-03-13,000858,13:49:18,103.0100,17,1
2026-03-13,000858,13:49:21,103.0100,4,1
2026-03-13,000858,13:49:24,103.0100,11,1
2026-03-13,000858,13:49:27,103.0100,31,1
2026-03-13,000858,13:49:30,103.0100,10,2
2026-03-13,000858,13:49:33,103.0000,6,2
2026-03-13,000858,13:49:36,103.0000,2,2
2026-03-13,000858,13:49:39,103.0100,4,1
2026-03-13,000858,13:49:42,103.0000,4,2
2026-03-13,000858,13:49:45,103.0100,19,1
2026-03-13,000858,13:49:48,103.0100,14,2
2026-03-13,000858,13:49:51,103.0100,1,4
2026-03-13,000858,13:49:54,103.0100,3,2
2026-03-13,000858,13:49:57,103.0100,1,2
2026-03-13,000858,13:50:00,103.0000,24,2
2026-03-13,000858,13:50:03,103.0200,2,1
2026-03-13,000858,13:50:06,103.0100,6,4
2026-03-13,000858,13:50:09,103.0200,4,1
2026-03-13,000858,13:50:12,103.0000,1,2
2026-03-13,000858,13:50:18,103.0100,1,2
2026-03-13,000858,13:50:21,103.0100,10,4
2026-03-13,000858,13:50:24,103.0100,1,2
2026-03-13,000858,13:50:27,103.0100,16,2
2026-03-13,000858,13:50:30,103.0100,18,2
2026-03-13,000858,13:50:33,103.0000,16,2
2026-03-13,000858,13:50:36,103.0000,6,2
2026-03-13,000858,13:50:39,103.0100,8,1
2026-03-13,000858,13:50:42,103.0100,31,1
2026-03-13,000858,13:50:45,103.0100,2,1
2026-03-13,000858,13:50:48,103.0200,14,1
2026-03-13,000858,13:50:51,103.0100,7,2
2026-03-13,000858,13:50:54,103.0200,3,1
2026-03-13,000858,13:50:57,103.0200,1,1
2026-03-13,000858,13:51:00,103.0100,3,2
2026-03-13,000858,13:51:03,103.0200,2,1
2026-03-13,000858,13:51:06,103.0100,13,2
2026-03-13,000858,13:51:09,103.0200,10,1
2026-03-13,000858,13:51:12,103.0200,8,1
2026-03-13,000858,13:51:15,103.0200,5,1
2026-03-13,000858,13:51:18,103.0200,16,1
2026-03-13,000858,13:51:21,103.0200,5,2
2026-03-13,000858,13:51:24,103.0200,3,2
2026-03-13,000858,13:51:27,103.0200,14,2
2026-03-13,000858,13:51:30,103.0200,7,1
2026-03-13,000858,13:51:33,103.0200,1,2
2026-03-13,000858,13:51:36,103.0200,11,2
2026-03-13,000858,13:51:39,103.0200,4,2
2026-03-13,000858,13:51:42,103.0300,56,1
2026-03-13,000858,13:51:45,103.0400,7,1
2026-03-13,000858,13:51:48,103.0500,16,1
2026-03-13,000858,13:51:51,103.0600,19,1
2026-03-13,000858,13:51:54,103.0600,3,1
2026-03-13,000858,13:51:57,103.0700,1,1
2026-03-13,000858,13:52:00,103.0700,26,2
2026-03-13,000858,13:52:03,103.0900,2,1
2026-03-13,000858,13:52:06,103.0800,10,2
2026-03-13,000858,13:52:09,103.0900,9,1
2026-03-13,000858,13:52:12,103.1000,33,1
2026-03-13,000858,13:52:15,103.1000,3,1
2026-03-13,000858,13:52:21,103.0900,7,4
2026-03-13,000858,13:52:24,103.0900,4,1
2026-03-13,000858,13:52:27,103.0900,10,1
2026-03-13,000858,13:52:30,103.0800,3,2
2026-03-13,000858,13:52:33,103.0800,6,2
2026-03-13,000858,13:52:39,103.0800,4,1
2026-03-13,000858,13:52:42,103.0800,6,1
2026-03-13,000858,13:52:45,103.0800,8,1
2026-03-13,000858,13:52:48,103.0900,8,1
2026-03-13,000858,13:52:51,103.0900,3,1
2026-03-13,000858,13:52:54,103.0800,11,2
2026-03-13,000858,13:52:57,103.0800,17,2
2026-03-13,000858,13:53:00,103.0800,3,2
2026-03-13,000858,13:53:03,103.1000,12,1
2026-03-13,000858,13:53:06,103.0900,3,4
2026-03-13,000858,13:53:09,103.0900,1,1
2026-03-13,000858,13:53:12,103.1000,13,1
2026-03-13,000858,13:53:15,103.0800,15,2
2026-03-13,000858,13:53:18,103.0900,19,1
2026-03-13,000858,13:53:21,103.0900,5,1
2026-03-13,000858,13:53:24,103.0900,2,1
2026-03-13,000858,13:53:27,103.0900,1,1
2026-03-13,000858,13:53:30,103.0800,15,2
2026-03-13,000858,13:53:36,103.0800,2,2
2026-03-13,000858,13:53:39,103.0800,5,2
2026-03-13,000858,13:53:42,103.0900,27,1
2026-03-13,000858,13:53:45,103.0900,3,1
2026-03-13,000858,13:53:48,103.0900,5,1
2026-03-13,000858,13:53:51,103.0900,5,1
2026-03-13,000858,13:53:54,103.0900,4,2
2026-03-13,000858,13:53:57,103.0900,6,2
2026-03-13,000858,13:54:00,103.0900,6,2
2026-03-13,000858,13:54:03,103.1000,4,1
2026-03-13,000858,13:54:06,103.0900,42,2
2026-03-13,000858,13:54:09,103.0900,6,4
2026-03-13,000858,13:54:12,103.1000,10,1
2026-03-13,000858,13:54:15,103.1000,2,1
2026-03-13,000858,13:54:18,103.0700,2,2
2026-03-13,000858,13:54:21,103.1000,11,1
2026-03-13,000858,13:54:24,103.0900,1,4
2026-03-13,000858,13:54:27,103.0900,31,1
2026-03-13,000858,13:54:30,103.0700,7,2
2026-03-13,000858,13:54:33,103.0900,6,1
2026-03-13,000858,13:54:36,103.0900,24,1
2026-03-13,000858,13:54:39,103.0800,16,2
2026-03-13,000858,13:54:42,103.0800,9,2
2026-03-13,000858,13:54:45,103.0800,1,4
2026-03-13,000858,13:54:48,103.0600,43,2
2026-03-13,000858,13:54:51,103.0700,15,1
2026-03-13,000858,13:54:54,103.0600,4,2
2026-03-13,000858,13:55:00,103.0600,16,2
2026-03-13,000858,13:55:03,103.0600,1,2
2026-03-13,000858,13:55:06,103.0600,4,2
2026-03-13,000858,13:55:12,103.0500,11,2
2026-03-13,000858,13:55:15,103.0400,6,2
2026-03-13,000858,13:55:18,103.0300,5,2
2026-03-13,000858,13:55:21,103.0400,5,2
2026-03-13,000858,13:55:24,103.0400,13,2
2026-03-13,000858,13:55:27,103.0300,1,2
2026-03-13,000858,13:55:30,103.0400,8,1
2026-03-13,000858,13:55:33,103.0200,7,2
2026-03-13,000858,13:55:36,103.0100,3,2
2026-03-13,000858,13:55:39,103.0100,20,2
2026-03-13,000858,13:55:42,103.0100,71,2
2026-03-13,000858,13:55:45,103.0000,59,2
2026-03-13,000858,13:55:48,103.0000,3,2
2026-03-13,000858,13:55:51,103.0000,24,2
2026-03-13,000858,13:55:54,103.0000,22,2
2026-03-13,000858,13:55:57,103.0000,8,2
2026-03-13,000858,13:56:00,103.0100,14,1
2026-03-13,000858,13:56:03,103.0000,15,2
2026-03-13,000858,13:56:06,103.0000,40,2
2026-03-13,000858,13:56:09,103.0000,91,2
2026-03-13,000858,13:56:12,103.0100,265,1
2026-03-13,000858,13:56:15,102.9900,2,2
2026-03-13,000858,13:56:18,102.9900,20,2
2026-03-13,000858,13:56:21,103.0000,23,1
2026-03-13,000858,13:56:24,103.0000,2,2
2026-03-13,000858,13:56:27,103.0100,6,1
2026-03-13,000858,13:56:30,102.9900,14,2
2026-03-13,000858,13:56:33,102.9900,5,1
2026-03-13,000858,13:56:36,102.9800,145,2
2026-03-13,000858,13:56:39,102.9800,7,2
2026-03-13,000858,13:56:42,102.9900,28,1
2026-03-13,000858,13:56:45,102.9800,1,2
2026-03-13,000858,13:56:48,102.9800,49,2
2026-03-13,000858,13:56:51,102.9800,5,2
2026-03-13,000858,13:56:54,102.9800,5,2
2026-03-13,000858,13:56:57,102.9800,10,2
2026-03-13,000858,13:57:00,102.9700,5,2
2026-03-13,000858,13:57:03,102.9700,10,2
2026-03-13,000858,13:57:06,102.9700,5,2
2026-03-13,000858,13:57:09,102.9800,12,1
2026-03-13,000858,13:57:12,102.9700,7,4
2026-03-13,000858,13:57:21,102.9700,42,1
2026-03-13,000858,13:57:24,102.9700,51,1
2026-03-13,000858,13:57:27,102.9900,10,1
2026-03-13,000858,13:57:30,102.9900,14,2
2026-03-13,000858,13:57:33,102.9900,2,2
2026-03-13,000858,13:57:36,103.0000,18,1
2026-03-13,000858,13:57:39,102.9900,7,2
2026-03-13,000858,13:57:42,103.0000,3,1
2026-03-13,000858,13:57:48,102.9900,9,2
2026-03-13,000858,13:57:51,103.0000,166,1
2026-03-13,000858,13:57:54,103.0100,4,1
2026-03-13,000858,13:57:57,103.0200,37,1
2026-03-13,000858,13:58:00,103.0200,7,1
2026-03-13,000858,13:58:03,103.0400,17,1
2026-03-13,000858,13:58:06,103.0400,9,1
2026-03-13,000858,13:58:09,103.0400,5,1
2026-03-13,000858,13:58:12,103.0300,3,2
2026-03-13,000858,13:58:15,103.0400,15,1
2026-03-13,000858,13:58:18,103.0600,10,1
2026-03-13,000858,13:58:21,103.0600,15,1
2026-03-13,000858,13:58:27,103.0600,6,1
2026-03-13,000858,13:58:30,103.0600,14,1
2026-03-13,000858,13:58:33,103.0600,7,2
2026-03-13,000858,13:58:36,103.0700,5,1
2026-03-13,000858,13:58:39,103.0700,7,1
2026-03-13,000858,13:58:42,103.0700,1,1
2026-03-13,000858,13:58:45,103.0600,26,2
2026-03-13,000858,13:58:48,103.0600,27,4
2026-03-13,000858,13:58:51,103.0700,19,1
2026-03-13,000858,13:58:54,103.0800,21,1
2026-03-13,000858,13:58:57,103.0700,1,1
2026-03-13,000858,13:59:00,103.0700,4,1
2026-03-13,000858,13:59:03,103.0700,5,1
2026-03-13,000858,13:59:06,103.0600,14,2
2026-03-13,000858,13:59:09,103.0700,27,1
2026-03-13,000858,13:59:12,103.0700,8,1
2026-03-13,000858,13:59:15,103.0700,14,1
2026-03-13,000858,13:59:18,103.0700,3,1
2026-03-13,000858,13:59:21,103.0600,3,2
2026-03-13,000858,13:59:24,103.0500,6,2
2026-03-13,000858,13:59:27,103.0600,5,1
2026-03-13,000858,13:59:30,103.0500,10,2
2026-03-13,000858,13:59:33,103.0600,6,1
2026-03-13,000858,13:59:36,103.0500,8,2
2026-03-13,000858,13:59:39,103.0500,7,2
2026-03-13,000858,13:59:42,103.0500,27,2
2026-03-13,000858,13:59:45,103.0400,15,2
2026-03-13,000858,13:59:48,103.0400,32,2
2026-03-13,000858,13:59:51,103.0300,5,2
2026-03-13,000858,13:59:54,103.0400,6,1
2026-03-13,000858,13:59:57,103.0400,6,1
2026-03-13,000858,14:00:00,103.0300,6,2
2026-03-13,000858,14:00:03,103.0300,4,2
2026-03-13,000858,14:00:06,103.0300,23,2
2026-03-13,000858,14:00:09,103.0400,10,1
2026-03-13,000858,14:00:12,103.0500,19,1
2026-03-13,000858,14:00:15,103.0500,3,1
2026-03-13,000858,14:00:18,103.0400,1,2
2026-03-13,000858,14:00:21,103.0400,5,2
2026-03-13,000858,14:00:24,103.0500,14,1
2026-03-13,000858,14:00:27,103.0300,3,2
2026-03-13,000858,14:00:30,103.0500,15,1
2026-03-13,000858,14:00:33,103.0500,16,1
2026-03-13,000858,14:00:36,103.0500,9,1
2026-03-13,000858,14:00:39,103.0500,1,1
2026-03-13,000858,14:00:42,103.0300,20,2
2026-03-13,000858,14:00:48,103.0300,5,2
2026-03-13,000858,14:00:51,103.0400,1,1
2026-03-13,000858,14:00:54,103.0300,1,2
2026-03-13,000858,14:00:57,103.0400,1,1
2026-03-13,000858,14:01:03,103.0400,6,1
2026-03-13,000858,14:01:06,103.0400,19,1
2026-03-13,000858,14:01:12,103.0400,5,2
2026-03-13,000858,14:01:15,103.0500,15,1
2026-03-13,000858,14:01:18,103.0500,3,1
2026-03-13,000858,14:01:21,103.0400,27,2
2026-03-13,000858,14:01:27,103.0400,21,1
2026-03-13,000858,14:01:30,103.0400,2,2
2026-03-13,000858,14:01:33,103.0300,32,2
2026-03-13,000858,14:01:36,103.0400,12,1
2026-03-13,000858,14:01:39,103.0300,2,2
2026-03-13,000858,14:01:42,103.0400,14,1
2026-03-13,000858,14:01:45,103.0300,3,2
2026-03-13,000858,14:01:48,103.0400,2,4
2026-03-13,000858,14:01:51,103.0400,2,1
2026-03-13,000858,14:01:54,103.0500,14,1
2026-03-13,000858,14:01:57,103.0400,5,1
2026-03-13,000858,14:02:00,103.0500,73,1
2026-03-13,000858,14:02:03,103.0400,19,2
2026-03-13,000858,14:02:06,103.0500,1,1
2026-03-13,000858,14:02:12,103.0500,9,1
2026-03-13,000858,14:02:15,103.0500,12,1
2026-03-13,000858,14:02:21,103.0400,22,2
2026-03-13,000858,14:02:24,103.0500,4,1
2026-03-13,000858,14:02:27,103.0500,11,1
2026-03-13,000858,14:02:30,103.0500,3,1
2026-03-13,000858,14:02:33,103.0500,30,1
2026-03-13,000858,14:02:36,103.0400,3,2
2026-03-13,000858,14:02:39,103.0500,8,1
2026-03-13,000858,14:02:42,103.0500,9,1
2026-03-13,000858,14:02:45,103.0500,18,1
2026-03-13,000858,14:02:48,103.0500,29,2
2026-03-13,000858,14:02:51,103.0300,27,2
2026-03-13,000858,14:02:54,103.0300,10,2
2026-03-13,000858,14:02:57,103.0300,7,2
2026-03-13,000858,14:03:00,103.0300,11,2
2026-03-13,000858,14:03:03,103.0400,17,1
2026-03-13,000858,14:03:06,103.0300,8,2
2026-03-13,000858,14:03:09,103.0300,11,2
2026-03-13,000858,14:03:12,103.0400,14,1
2026-03-13,000858,14:03:15,103.0400,30,2
2026-03-13,000858,14:03:18,103.0400,4,1
2026-03-13,000858,14:03:21,103.0400,11,2
2026-03-13,000858,14:03:27,103.0400,7,1
2026-03-13,000858,14:03:30,103.0500,8,1
2026-03-13,000858,14:03:33,103.0500,40,1
2026-03-13,000858,14:03:36,103.0500,6,2
2026-03-13,000858,14:03:39,103.0500,10,2
2026-03-13,000858,14:03:42,103.0600,18,1
2026-03-13,000858,14:03:45,103.0600,7,1
2026-03-13,000858,14:03:48,103.0600,11,1
2026-03-13,000858,14:03:51,103.0800,22,1
2026-03-13,000858,14:03:54,103.0600,20,2
2026-03-13,000858,14:03:57,103.0800,7,1
2026-03-13,000858,14:04:00,103.0700,4,2
2026-03-13,000858,14:04:03,103.0700,2,2
2026-03-13,000858,14:04:06,103.0800,25,1
2026-03-13,000858,14:04:09,103.0700,5,4
2026-03-13,000858,14:04:12,103.0600,17,2
2026-03-13,000858,14:04:15,103.0600,2,2
2026-03-13,000858,14:04:18,103.0600,6,2
2026-03-13,000858,14:04:21,103.0700,3,1
2026-03-13,000858,14:04:27,103.0700,9,1
2026-03-13,000858,14:04:30,103.0700,13,1
2026-03-13,000858,14:04:33,103.0700,8,2
2026-03-13,000858,14:04:36,103.0700,1,2
2026-03-13,000858,14:04:39,103.0800,4,1
2026-03-13,000858,14:04:42,103.0800,1,1
2026-03-13,000858,14:04:45,103.0700,11,2
2026-03-13,000858,14:04:48,103.0700,2,2
2026-03-13,000858,14:04:51,103.0700,1,2
2026-03-13,000858,14:04:54,103.0800,4,1
2026-03-13,000858,14:04:57,103.0700,77,2
2026-03-13,000858,14:05:00,103.0700,5,2
2026-03-13,000858,14:05:03,103.0300,251,2
2026-03-13,000858,14:05:06,103.0400,69,1
2026-03-13,000858,14:05:09,103.0300,12,1
2026-03-13,000858,14:05:15,103.0200,2,2
2026-03-13,000858,14:05:18,103.0200,9,2
2026-03-13,000858,14:05:21,103.0300,7,1
2026-03-13,000858,14:05:24,103.0200,8,2
2026-03-13,000858,14:05:27,103.0200,9,2
2026-03-13,000858,14:05:30,103.0200,4,2
2026-03-13,000858,14:05:33,103.0200,15,2
2026-03-13,000858,14:05:36,103.0300,4,1
2026-03-13,000858,14:05:39,103.0200,14,2
2026-03-13,000858,14:05:42,103.0400,30,1
2026-03-13,000858,14:05:45,103.0300,42,2
2026-03-13,000858,14:05:51,103.0300,4,2
2026-03-13,000858,14:05:54,103.0300,9,2
2026-03-13,000858,14:05:57,103.0300,21,2
2026-03-13,000858,14:06:00,103.0400,24,2
2026-03-13,000858,14:06:03,103.0400,52,2
2026-03-13,000858,14:06:06,103.0200,233,2
2026-03-13,000858,14:06:09,103.0200,129,2
2026-03-13,000858,14:06:12,103.0300,2,1
2026-03-13,000858,14:06:15,103.0300,9,1
2026-03-13,000858,10:49:39,102.8800,5,1
2026-03-13,000858,10:49:42,102.8800,126,1
2026-03-13,000858,10:49:45,102.8800,51,1
2026-03-13,000858,10:49:48,102.8800,8,2
2026-03-13,000858,10:49:51,102.8900,17,1
2026-03-13,000858,10:49:54,102.8900,21,1
2026-03-13,000858,10:49:57,102.8900,35,1
2026-03-13,000858,10:50:00,102.8900,15,1
2026-03-13,000858,10:50:03,102.8900,19,1
2026-03-13,000858,10:50:06,102.8900,45,1
2026-03-13,000858,10:50:09,102.8800,5,2
2026-03-13,000858,10:50:12,102.8800,22,2
2026-03-13,000858,10:50:15,102.8700,19,2
2026-03-13,000858,10:50:18,102.8900,21,1
2026-03-13,000858,10:50:21,102.8800,10,2
2026-03-13,000858,10:50:24,102.8700,17,2
2026-03-13,000858,10:50:27,102.8800,4,4
2026-03-13,000858,10:50:30,102.8700,5,2
2026-03-13,000858,10:50:33,102.8800,7,1
2026-03-13,000858,10:50:36,102.8700,6,2
2026-03-13,000858,10:50:39,102.8800,11,1
2026-03-13,000858,10:50:42,102.8600,5,2
2026-03-13,000858,10:50:45,102.8500,37,2
2026-03-13,000858,10:50:48,102.8500,2,1
2026-03-13,000858,10:50:51,102.8400,11,2
2026-03-13,000858,10:50:54,102.8400,7,1
2026-03-13,000858,10:50:57,102.8200,3,2
2026-03-13,000858,10:51:00,102.8300,2,1
2026-03-13,000858,10:51:03,102.8300,2,2
2026-03-13,000858,10:51:09,102.8300,12,1
2026-03-13,000858,10:51:12,102.8300,8,1
2026-03-13,000858,10:51:15,102.8300,4,2
2026-03-13,000858,10:51:18,102.8300,26,2
2026-03-13,000858,10:51:21,102.8400,17,1
2026-03-13,000858,10:51:24,102.8400,4,1
2026-03-13,000858,10:51:27,102.8300,10,2
2026-03-13,000858,10:51:30,102.8300,4,1
2026-03-13,000858,10:51:33,102.8300,2,1
2026-03-13,000858,10:51:36,102.8300,3,1
2026-03-13,000858,10:51:39,102.8500,10,1
2026-03-13,000858,10:51:42,102.8300,2,2
2026-03-13,000858,10:51:45,102.8500,13,1
2026-03-13,000858,10:51:48,102.8300,6,2
2026-03-13,000858,10:51:51,102.8500,8,1
2026-03-13,000858,10:51:54,102.8300,1,2
2026-03-13,000858,10:51:57,102.8500,9,1
2026-03-13,000858,10:52:00,102.8500,4,1
2026-03-13,000858,10:52:06,102.8500,5,1
2026-03-13,000858,10:52:09,102.8400,13,2
2026-03-13,000858,10:52:12,102.8500,11,1
2026-03-13,000858,10:52:15,102.8400,5,2
2026-03-13,000858,10:52:24,102.8400,18,1
2026-03-13,000858,10:52:27,102.8300,3,2
2026-03-13,000858,10:52:30,102.8500,11,1
2026-03-13,000858,10:52:33,102.8500,67,1
2026-03-13,000858,10:52:36,102.8400,13,2
2026-03-13,000858,10:52:39,102.8700,9,1
2026-03-13,000858,10:52:42,102.8700,2,1
2026-03-13,000858,10:52:45,102.8800,26,1
2026-03-13,000858,10:52:48,102.8800,9,1
2026-03-13,000858,10:52:51,102.8800,12,1
2026-03-13,000858,10:52:54,102.8800,1,2
2026-03-13,000858,10:52:57,102.8800,11,2
2026-03-13,000858,10:53:00,102.8800,1,2
2026-03-13,000858,10:53:03,102.8900,37,1
2026-03-13,000858,10:53:06,102.9000,31,1
2026-03-13,000858,10:53:09,102.8900,8,2
2026-03-13,000858,10:53:12,102.9000,26,1
2026-03-13,000858,10:53:15,102.8900,2,4
2026-03-13,000858,10:53:18,102.9000,9,1
2026-03-13,000858,10:53:21,102.8800,6,2
2026-03-13,000858,10:53:24,102.9000,5,1
2026-03-13,000858,10:53:27,102.9000,26,1
2026-03-13,000858,10:53:30,102.9000,30,1
2026-03-13,000858,10:53:33,102.9000,18,1
2026-03-13,000858,10:53:36,102.9000,47,1
2026-03-13,000858,10:53:39,102.9200,129,1
2026-03-13,000858,10:53:42,102.9300,159,1
2026-03-13,000858,10:53:45,102.9500,26,1
2026-03-13,000858,10:53:48,102.9600,124,1
2026-03-13,000858,10:53:51,102.9600,98,1
2026-03-13,000858,10:53:54,102.9700,32,1
2026-03-13,000858,10:53:57,102.9600,162,2
2026-03-13,000858,10:54:00,102.9700,126,4
2026-03-13,000858,10:54:03,102.9800,15,1
2026-03-13,000858,10:54:06,102.9700,4,2
2026-03-13,000858,10:54:09,102.9900,35,1
2026-03-13,000858,10:54:12,102.9800,4,1
2026-03-13,000858,10:54:15,102.9800,2,4
2026-03-13,000858,10:54:18,102.9900,23,1
2026-03-13,000858,10:54:21,102.9900,14,1
2026-03-13,000858,10:54:24,102.9800,9,2
2026-03-13,000858,10:54:27,102.9800,15,1
2026-03-13,000858,10:54:30,102.9800,19,1
2026-03-13,000858,10:54:33,102.9900,23,1
2026-03-13,000858,10:54:36,102.9700,52,2
2026-03-13,000858,10:54:39,102.9900,2,1
2026-03-13,000858,10:54:42,102.9900,3,1
2026-03-13,000858,10:54:45,102.9900,3,1
2026-03-13,000858,10:54:48,102.9900,18,1
2026-03-13,000858,10:54:51,102.9900,7,1
2026-03-13,000858,10:54:54,102.9800,15,2
2026-03-13,000858,10:54:57,102.9900,4,1
2026-03-13,000858,10:55:00,102.9800,25,2
2026-03-13,000858,10:55:03,102.9900,19,1
2026-03-13,000858,10:55:06,102.9800,9,2
2026-03-13,000858,10:55:09,102.9800,21,2
2026-03-13,000858,10:55:12,102.9800,10,2
2026-03-13,000858,10:55:15,102.9800,30,2
2026-03-13,000858,10:55:18,102.9800,4,1
2026-03-13,000858,10:55:21,102.9700,4,2
2026-03-13,000858,10:55:24,102.9700,4,2
2026-03-13,000858,10:55:27,102.9700,95,2
2026-03-13,000858,10:55:30,102.9700,2,1
2026-03-13,000858,10:55:33,102.9700,14,1
2026-03-13,000858,10:55:36,102.9300,9,2
2026-03-13,000858,10:55:39,102.9400,1,2
2026-03-13,000858,10:55:42,102.9400,6,2
2026-03-13,000858,10:55:45,102.9400,4,1
2026-03-13,000858,10:55:48,102.9300,2,2
2026-03-13,000858,10:55:51,102.9400,5,1
2026-03-13,000858,10:55:54,102.9300,15,2
2026-03-13,000858,10:55:57,102.9400,52,1
2026-03-13,000858,10:56:00,102.9300,1,1
2026-03-13,000858,10:56:03,102.9200,7,2
2026-03-13,000858,10:56:06,102.9200,4,2
2026-03-13,000858,10:56:12,102.9300,12,1
2026-03-13,000858,10:56:18,102.9400,2,1
2026-03-13,000858,10:56:21,102.9500,10,1
2026-03-13,000858,10:56:24,102.9400,3,1
2026-03-13,000858,10:56:27,102.9400,16,2
2026-03-13,000858,10:56:30,102.9400,4,4
2026-03-13,000858,10:56:33,102.9400,6,2
2026-03-13,000858,10:56:36,102.9800,46,1
2026-03-13,000858,10:56:39,102.9600,1,1
2026-03-13,000858,10:56:42,102.9400,8,2
2026-03-13,000858,10:56:48,102.9500,17,2
2026-03-13,000858,10:56:51,102.9700,44,2
2026-03-13,000858,10:56:57,102.9600,2,1
2026-03-13,000858,10:57:00,102.9500,30,1
2026-03-13,000858,10:57:03,102.9700,53,1
2026-03-13,000858,10:57:06,102.9700,11,1
2026-03-13,000858,10:57:09,102.9700,6,1
2026-03-13,000858,10:57:12,102.9700,21,1
2026-03-13,000858,10:57:15,102.9600,15,2
2026-03-13,000858,10:57:18,102.9700,6,1
2026-03-13,000858,10:57:21,102.9600,25,2
2026-03-13,000858,10:57:24,102.9600,9,2
2026-03-13,000858,10:57:27,102.9700,18,1
2026-03-13,000858,10:57:30,102.9700,5,1
2026-03-13,000858,10:57:36,102.9600,9,2
2026-03-13,000858,10:57:39,102.9600,1,2
2026-03-13,000858,10:57:42,102.9600,16,2
2026-03-13,000858,10:57:48,102.9600,19,1
2026-03-13,000858,10:57:51,102.9500,4,2
2026-03-13,000858,10:57:54,102.9600,9,1
2026-03-13,000858,10:57:57,102.9600,15,2
2026-03-13,000858,10:58:03,102.9700,32,1
2026-03-13,000858,10:58:06,102.9700,17,1
2026-03-13,000858,10:58:09,102.9500,20,2
2026-03-13,000858,10:58:12,102.9500,7,2
2026-03-13,000858,10:58:15,102.9700,8,1
2026-03-13,000858,10:58:18,102.9600,1,2
2026-03-13,000858,10:58:21,102.9700,9,1
2026-03-13,000858,10:58:27,102.9600,13,1
2026-03-13,000858,10:58:30,102.9600,3,1
2026-03-13,000858,10:58:33,102.9600,2,1
2026-03-13,000858,10:58:36,102.9600,8,1
2026-03-13,000858,10:58:39,102.9600,8,1
2026-03-13,000858,10:58:42,102.9500,10,2
2026-03-13,000858,10:58:45,102.9600,13,1
2026-03-13,000858,10:58:48,102.9500,7,2
2026-03-13,000858,10:58:51,102.9500,9,2
2026-03-13,000858,10:58:54,102.9500,9,2
2026-03-13,000858,10:58:57,102.9500,40,2
2026-03-13,000858,10:59:00,102.9600,47,1
2026-03-13,000858,10:59:03,102.9600,16,1
2026-03-13,000858,10:59:06,102.9600,28,1
2026-03-13,000858,10:59:09,102.9500,1,2
2026-03-13,000858,10:59:12,102.9600,22,1
2026-03-13,000858,10:59:15,102.9600,9,1
2026-03-13,000858,10:59:18,102.9600,32,1
2026-03-13,000858,10:59:21,102.9600,61,1
2026-03-13,000858,10:59:24,102.9600,7,1
2026-03-13,000858,10:59:27,102.9600,18,1
2026-03-13,000858,10:59:30,102.9600,62,2
2026-03-13,000858,10:59:33,102.9600,5,2
2026-03-13,000858,10:59:36,102.9700,11,1
2026-03-13,000858,10:59:39,102.9600,3,1
2026-03-13,000858,10:59:42,102.9700,3,1
2026-03-13,000858,10:59:45,102.9700,3,1
2026-03-13,000858,10:59:48,102.9600,9,2
2026-03-13,000858,10:59:51,102.9700,2,1
2026-03-13,000858,11:00:00,102.9700,5,1
2026-03-13,000858,11:00:03,102.9600,16,2
2026-03-13,000858,11:00:06,102.9700,5,1
2026-03-13,000858,11:00:09,102.9700,11,1
2026-03-13,000858,11:00:12,102.9700,13,1
2026-03-13,000858,11:00:15,102.9600,13,2
2026-03-13,000858,11:00:18,102.9700,14,1
2026-03-13,000858,11:00:21,102.9800,24,1
2026-03-13,000858,11:00:24,102.9800,7,1
2026-03-13,000858,11:00:27,102.9800,26,1
2026-03-13,000858,11:00:30,102.9700,8,2
2026-03-13,000858,11:00:33,102.9700,56,2
2026-03-13,000858,11:00:39,102.9700,8,2
2026-03-13,000858,11:00:42,102.9800,1,1
2026-03-13,000858,11:00:45,102.9700,10,2
2026-03-13,000858,11:00:48,102.9700,6,1
2026-03-13,000858,11:00:51,102.9700,1,1
2026-03-13,000858,11:00:54,102.9600,4,2
2026-03-13,000858,11:00:57,102.9600,1,2
2026-03-13,000858,11:01:00,102.9700,18,1
2026-03-13,000858,11:01:03,102.9600,3,2
2026-03-13,000858,11:01:06,102.9600,3,2
2026-03-13,000858,11:01:09,102.9600,5,2
2026-03-13,000858,11:01:15,102.9500,2,2
2026-03-13,000858,11:01:21,102.9600,11,1
2026-03-13,000858,11:01:24,102.9500,9,2
2026-03-13,000858,11:01:27,102.9500,11,2
2026-03-13,000858,11:01:30,102.9500,3,2
2026-03-13,000858,11:01:33,102.9600,5,1
2026-03-13,000858,11:01:36,102.9600,6,1
2026-03-13,000858,11:01:39,102.9600,9,1
2026-03-13,000858,11:01:42,102.9600,8,1
2026-03-13,000858,11:01:45,102.9600,4,1
2026-03-13,000858,11:01:48,102.9600,4,1
2026-03-13,000858,11:01:54,102.9600,2,1
2026-03-13,000858,11:01:57,102.9600,4,1
2026-03-13,000858,11:02:03,102.9600,2,1
2026-03-13,000858,11:02:06,102.9500,2,2
2026-03-13,000858,11:02:09,102.9500,14,2
2026-03-13,000858,11:02:12,102.9600,8,1
2026-03-13,000858,11:02:15,102.9500,3,2
2026-03-13,000858,11:02:18,102.9600,1,1
2026-03-13,000858,11:02:21,102.9500,11,2
2026-03-13,000858,11:02:24,102.9600,3,1
2026-03-13,000858,11:02:27,102.9600,5,1
2026-03-13,000858,11:02:30,102.9600,2,1
2026-03-13,000858,11:02:33,102.9500,7,2
2026-03-13,000858,11:02:36,102.9600,11,1
2026-03-13,000858,11:02:39,102.9600,6,1
2026-03-13,000858,11:02:42,102.9600,7,1
2026-03-13,000858,11:02:45,102.9600,4,1
2026-03-13,000858,11:02:48,102.9600,23,1
2026-03-13,000858,11:02:51,102.9600,20,1
2026-03-13,000858,11:02:54,102.9600,11,1
2026-03-13,000858,11:02:57,102.9500,2,2
2026-03-13,000858,11:03:00,102.9600,10,1
2026-03-13,000858,11:03:03,102.9600,1,1
2026-03-13,000858,11:03:09,102.9500,24,2
2026-03-13,000858,11:03:12,102.9500,1,2
2026-03-13,000858,11:03:15,102.9600,10,1
2026-03-13,000858,11:03:18,102.9600,12,1
2026-03-13,000858,11:03:21,102.9600,3,1
2026-03-13,000858,11:03:24,102.9600,1,1
2026-03-13,000858,11:03:27,102.9500,3,2
2026-03-13,000858,11:03:30,102.9600,3,1
2026-03-13,000858,11:03:33,102.9600,3,1
2026-03-13,000858,11:03:36,102.9600,5,2
2026-03-13,000858,11:03:39,102.9700,6,1
2026-03-13,000858,11:03:42,102.9600,6,2
2026-03-13,000858,11:03:45,102.9700,10,1
2026-03-13,000858,11:03:48,102.9600,4,2
2026-03-13,000858,11:03:51,102.9600,9,2
2026-03-13,000858,11:03:57,102.9700,6,1
2026-03-13,000858,11:04:00,102.9700,4,1
2026-03-13,000858,11:04:03,102.9700,38,1
2026-03-13,000858,11:04:06,102.9700,10,1
2026-03-13,000858,11:04:09,102.9600,1,2
2026-03-13,000858,11:04:12,102.9700,21,1
2026-03-13,000858,11:04:15,102.9700,4,1
2026-03-13,000858,11:04:18,102.9700,8,1
2026-03-13,000858,11:04:21,102.9800,6,1
2026-03-13,000858,11:04:24,102.9800,6,1
2026-03-13,000858,11:04:27,102.9800,20,1
2026-03-13,000858,11:04:30,102.9800,23,1
2026-03-13,000858,11:04:33,102.9700,1,2
2026-03-13,000858,11:04:36,102.9800,10,1
2026-03-13,000858,11:04:39,102.9800,7,1
2026-03-13,000858,11:04:42,102.9700,11,2
2026-03-13,000858,11:04:45,102.9800,14,1
2026-03-13,000858,11:04:48,102.9800,53,1
2026-03-13,000858,11:04:51,102.9800,9,1
2026-03-13,000858,11:04:54,102.9800,25,1
2026-03-13,000858,11:04:57,102.9700,13,2
2026-03-13,000858,11:05:00,102.9800,9,1
2026-03-13,000858,11:05:03,102.9700,12,2
2026-03-13,000858,11:05:06,102.9800,19,1
2026-03-13,000858,11:05:09,102.9800,9,2
2026-03-13,000858,11:05:12,102.9800,24,4
2026-03-13,000858,11:05:15,102.9900,12,1
2026-03-13,000858,11:05:18,102.9900,14,1
2026-03-13,000858,11:05:21,102.9800,7,2
2026-03-13,000858,11:05:24,102.9800,4,2
2026-03-13,000858,11:05:27,102.9900,13,1
2026-03-13,000858,11:05:30,102.9900,30,1
2026-03-13,000858,11:05:33,102.9900,22,1
2026-03-13,000858,11:05:36,102.9900,7,1
2026-03-13,000858,11:05:39,102.9800,26,2
2026-03-13,000858,11:05:42,102.9800,30,1
2026-03-13,000858,11:05:45,102.9800,12,1
2026-03-13,000858,11:05:48,102.9800,55,1
2026-03-13,000858,11:05:51,102.9800,28,1
2026-03-13,000858,11:05:54,102.9900,10,1
2026-03-13,000858,11:05:57,102.9900,1,1
2026-03-13,000858,11:06:00,103.1000,970,1
2026-03-13,000858,11:06:03,103.1200,64,1
2026-03-13,000858,11:06:06,103.1400,14,1
2026-03-13,000858,11:06:09,103.1800,56,1
2026-03-13,000858,11:06:12,103.1900,25,1
2026-03-13,000858,11:06:15,103.1900,88,2
2026-03-13,000858,11:06:18,103.2000,90,1
2026-03-13,000858,11:06:21,103.2000,34,1
2026-03-13,000858,11:06:24,103.2000,9,2
2026-03-13,000858,11:06:27,103.2000,19,2
2026-03-13,000858,11:06:30,103.2000,68,2
2026-03-13,000858,11:06:33,103.2000,9,1
2026-03-13,000858,11:06:36,103.2000,12,1
2026-03-13,000858,11:06:39,103.1900,20,2
2026-03-13,000858,11:06:42,103.1900,4,1
2026-03-13,000858,11:06:45,103.1600,2,2
2026-03-13,000858,11:06:48,103.1900,4,1
2026-03-13,000858,11:06:51,103.1900,35,1
2026-03-13,000858,11:06:54,103.1600,14,2
2026-03-13,000858,11:06:57,103.2000,103,1
2026-03-13,000858,11:07:00,103.1800,1,1
2026-03-13,000858,11:07:03,103.1900,5,1
2026-03-13,000858,11:07:06,103.1900,19,1
2026-03-13,000858,11:07:09,103.1800,14,2
2026-03-13,000858,11:07:12,103.1800,10,2
2026-03-13,000858,11:07:15,103.1800,3,2
2026-03-13,000858,11:07:18,103.1800,3,2
2026-03-13,000858,11:07:21,103.1800,47,1
2026-03-13,000858,11:07:24,103.1700,7,2
2026-03-13,000858,11:07:27,103.1800,55,1
2026-03-13,000858,11:07:30,103.1700,4,1
2026-03-13,000858,11:07:33,103.1600,1,1
2026-03-13,000858,11:07:36,103.1600,6,1
2026-03-13,000858,11:07:39,103.1700,5,1
2026-03-13,000858,11:07:42,103.1600,31,2
2026-03-13,000858,11:07:45,103.1300,3,2
2026-03-13,000858,11:07:48,103.1300,29,2
2026-03-13,000858,11:07:51,103.1300,4,2
2026-03-13,000858,11:07:54,103.1300,4,2
2026-03-13,000858,11:07:57,103.1300,6,1
2026-03-13,000858,11:08:00,103.1100,3,2
2026-03-13,000858,11:08:06,103.1100,7,2
2026-03-13,000858,11:08:09,103.1100,11,2
2026-03-13,000858,11:08:12,103.1100,7,1
2026-03-13,000858,11:08:15,103.0900,10,2
2026-03-13,000858,11:08:18,103.0900,5,2
2026-03-13,000858,11:08:21,103.0900,1,2
2026-03-13,000858,11:08:24,103.0900,7,2
2026-03-13,000858,11:08:27,103.1000,15,1
2026-03-13,000858,11:08:30,103.1000,12,1
2026-03-13,000858,11:08:33,103.0900,4,1
2026-03-13,000858,11:08:36,103.0800,5,2
2026-03-13,000858,11:08:39,103.0800,26,2
2026-03-13,000858,11:08:42,103.0700,3,1
2026-03-13,000858,11:08:45,103.0500,1,2
2026-03-13,000858,11:08:48,103.0700,11,1
2026-03-13,000858,11:08:51,103.0500,2,1
2026-03-13,000858,11:08:54,103.0100,8,2
2026-03-13,000858,11:09:00,103.0100,4,2
2026-03-13,000858,11:09:03,103.0100,8,2
2026-03-13,000858,11:09:06,103.0200,8,2
2026-03-13,000858,11:09:09,103.0300,9,4
2026-03-13,000858,11:09:12,103.0400,10,1
2026-03-13,000858,11:09:15,103.0200,21,2
2026-03-13,000858,11:09:18,103.0400,5,1
2026-03-13,000858,11:09:21,103.0400,9,1
2026-03-13,000858,11:09:24,103.0200,36,2
2026-03-13,000858,11:09:27,103.0200,11,2
2026-03-13,000858,11:09:30,103.0400,15,1
2026-03-13,000858,11:09:33,103.0400,26,1
2026-03-13,000858,11:09:36,103.0500,2,1
2026-03-13,000858,11:09:39,103.0500,23,1
2026-03-13,000858,11:09:42,103.0400,3,2
2026-03-13,000858,11:09:45,103.0400,3,2
2026-03-13,000858,11:09:48,103.0400,14,2
2026-03-13,000858,11:09:51,103.0500,9,1
2026-03-13,000858,11:09:54,103.0500,4,1
2026-03-13,000858,11:09:57,103.0500,15,1
2026-03-13,000858,11:10:00,103.0500,14,2
2026-03-13,000858,11:10:03,103.0600,15,1
2026-03-13,000858,11:10:06,103.0500,4,2
2026-03-13,000858,11:10:09,103.0600,10,1
2026-03-13,000858,11:10:12,103.0600,3,2
2026-03-13,000858,11:10:15,103.0700,6,1
2026-03-13,000858,11:10:18,103.0700,5,1
2026-03-13,000858,11:10:21,103.0700,7,1
2026-03-13,000858,11:10:24,103.0600,18,2
2026-03-13,000858,11:10:27,103.0600,3,2
2026-03-13,000858,11:10:30,103.0600,2,2
2026-03-13,000858,11:10:33,103.0700,9,1
2026-03-13,000858,11:10:39,103.0600,1,2
2026-03-13,000858,11:10:42,103.0700,23,1
2026-03-13,000858,11:10:48,103.0800,1,1
2026-03-13,000858,11:10:54,103.0800,13,1
2026-03-13,000858,11:10:57,103.0800,20,1
2026-03-13,000858,11:11:00,103.0800,5,1
2026-03-13,000858,11:11:03,103.0900,20,1
2026-03-13,000858,11:11:06,103.0900,2,2
2026-03-13,000858,11:11:09,103.1000,8,1
2026-03-13,000858,11:11:12,103.1000,2,1
2026-03-13,000858,11:11:15,103.1000,1,1
2026-03-13,000858,11:11:18,103.1000,10,1
2026-03-13,000858,11:11:21,103.1100,11,1
2026-03-13,000858,11:11:24,103.1000,13,2
2026-03-13,000858,11:11:27,103.0900,40,2
2026-03-13,000858,11:11:30,103.0900,5,2
2026-03-13,000858,11:11:33,103.0900,12,2
2026-03-13,000858,11:11:36,103.0800,1,2
2026-03-13,000858,11:11:39,103.0800,13,2
2026-03-13,000858,11:11:42,103.0800,5,2
2026-03-13,000858,11:11:45,103.0800,8,1
2026-03-13,000858,11:11:48,103.0800,4,1
2026-03-13,000858,11:11:51,103.0700,49,2
2026-03-13,000858,11:11:54,103.0800,4,1
2026-03-13,000858,11:11:57,103.0700,11,1
2026-03-13,000858,11:12:00,103.0700,17,2
2026-03-13,000858,11:12:03,103.0700,13,2
2026-03-13,000858,11:12:06,103.0700,3,1
2026-03-13,000858,11:12:09,103.0600,4,2
2026-03-13,000858,11:12:15,103.0500,11,2
2026-03-13,000858,11:12:18,103.0500,22,2
2026-03-13,000858,11:12:21,103.0600,9,1
2026-03-13,000858,11:12:24,103.0600,13,2
2026-03-13,000858,11:12:27,103.0800,29,1
2026-03-13,000858,11:12:30,103.0700,11,2
2026-03-13,000858,11:12:33,103.0800,1,1
2026-03-13,000858,11:12:39,103.0800,9,1
2026-03-13,000858,11:12:42,103.0800,24,1
2026-03-13,000858,11:12:45,103.0800,2,2
2026-03-13,000858,11:12:48,103.0900,16,1
2026-03-13,000858,11:12:51,103.0800,8,2
2026-03-13,000858,11:12:54,103.0900,8,1
2026-03-13,000858,11:12:57,103.0800,7,1
2026-03-13,000858,11:13:00,103.0900,5,1
2026-03-13,000858,11:13:03,103.0800,4,2
2026-03-13,000858,11:13:06,103.0800,6,1
2026-03-13,000858,11:13:09,103.0800,3,1
2026-03-13,000858,11:13:15,103.0700,1,2
2026-03-13,000858,11:13:18,103.0700,9,2
2026-03-13,000858,11:13:21,103.0700,10,2
2026-03-13,000858,11:13:24,103.0800,67,1
2026-03-13,000858,11:13:27,103.0700,26,2
2026-03-13,000858,11:13:30,103.0700,21,1
2026-03-13,000858,11:13:33,103.0700,2,1
2026-03-13,000858,11:13:36,103.0600,31,2
2026-03-13,000858,11:13:39,103.0700,15,1
2026-03-13,000858,11:13:45,103.0800,29,1
2026-03-13,000858,11:13:48,103.0700,2,2
2026-03-13,000858,11:13:51,103.0700,13,2
2026-03-13,000858,11:13:54,103.0700,35,2
2026-03-13,000858,11:13:57,103.0700,23,2
2026-03-13,000858,11:14:00,103.0800,24,1
2026-03-13,000858,11:14:03,103.0700,32,2
2026-03-13,000858,11:14:06,103.0700,19,2
2026-03-13,000858,11:14:09,103.0700,13,2
