date,code,time,price,volume,bs
2026-04-15,000001,14:01:12,11.1800,85,2
2026-04-15,000001,14:01:15,11.1800,47,2
2026-04-15,000001,14:01:18,11.1900,31,1
2026-04-15,000001,14:01:21,11.1900,70,1
2026-04-15,000001,14:01:24,11.1800,25,2
2026-04-15,000001,14:01:27,11.1900,96,1
2026-04-15,000001,14:01:30,11.1900,89,1
2026-04-15,000001,14:01:33,11.1800,27,2
2026-04-15,000001,14:01:36,11.1800,1,2
2026-04-15,000001,14:01:39,11.1800,1,2
2026-04-15,000001,14:01:45,11.1800,17,2
2026-04-15,000001,14:01:48,11.1800,1,2
2026-04-15,000001,14:01:51,11.1900,19,1
2026-04-15,000001,14:01:54,11.1800,28,2
2026-04-15,000001,14:01:57,11.1800,13,2
2026-04-15,000001,14:02:03,11.1900,1,1
2026-04-15,000001,14:02:06,11.1800,18,2
2026-04-15,000001,14:02:09,11.1900,457,1
2026-04-15,000001,14:02:12,11.1800,3,2
2026-04-15,000001,14:02:15,11.1800,10,2
2026-04-15,000001,14:02:18,11.1800,29,2
2026-04-15,000001,14:02:21,11.1900,9,1
2026-04-15,000001,14:02:24,11.1800,28,2
2026-04-15,000001,14:02:27,11.1900,924,1
2026-04-15,000001,14:02:30,11.1900,642,1
2026-04-15,000001,14:02:33,11.1900,5,1
2026-04-15,000001,14:02:36,11.1900,5,2
2026-04-15,000001,14:02:39,11.2000,1,1
2026-04-15,000001,14:02:42,11.1900,29,2
2026-04-15,000001,14:02:48,11.1900,1,2
2026-04-15,000001,14:02:51,11.1900,11,2
2026-04-15,000001,14:02:54,11.1900,2,2
2026-04-15,000001,14:02:57,11.1900,1,2
2026-04-15,000001,14:03:00,11.2000,78,1
2026-04-15,000001,14:03:03,11.1900,17,2
2026-04-15,000001,14:03:06,11.2000,27,1
2026-04-15,000001,14:03:09,11.2000,22,1
2026-04-15,000001,14:03:12,11.1900,1,2
2026-04-15,000001,14:03:15,11.1900,10,2
2026-04-15,000001,14:03:18,11.2000,1,1
2026-04-15,000001,14:03:21,11.1900,1,2
2026-04-15,000001,14:03:24,11.1900,1,2
2026-04-15,000001,14:03:27,11.2000,27,1
2026-04-15,000001,14:03:30,11.1900,1,2
2026-04-15,000001,14:03:36,11.1900,11,2
2026-04-15,000001,14:03:39,11.1900,30,2
2026-04-15,000001,14:03:42,11.1900,28,2
2026-04-15,000001,14:03:45,11.1900,1,2
2026-04-15,000001,14:03:51,11.1900,7,2
2026-04-15,000001,14:03:57,11.2000,18,1
2026-04-15,000001,14:04:00,11.1900,176,2
2026-04-15,000001,14:04:03,11.1900,1,2
2026-04-15,000001,14:04:06,11.1900,2,2
2026-04-15,000001,14:04:12,11.1900,1,2
2026-04-15,000001,14:04:15,11.1900,9,2
2026-04-15,000001,14:04:21,11.2000,12,1
2026-04-15,000001,14:04:24,11.1900,1,2
2026-04-15,000001,14:04:27,11.1900,15,2
2026-04-15,000001,14:04:30,11.1900,41,2
2026-04-15,000001,14:04:36,11.2000,4,1
2026-04-15,000001,14:04:39,11.1900,20,2
2026-04-15,000001,14:04:42,11.1900,7,2
2026-04-15,000001,14:04:45,11.1900,18,2
2026-04-15,000001,14:04:48,11.1900,17,2
2026-04-15,000001,14:04:54,11.1900,3,2
2026-04-15,000001,14:04:57,11.1900,2,2
2026-04-15,000001,14:05:00,11.2000,1,1
2026-04-15,000001,14:05:03,11.1900,15,2
2026-04-15,000001,14:05:06,11.2000,3,1
2026-04-15,000001,14:05:09,11.1900,1,2
2026-04-15,000001,14:05:15,11.1900,19,2
2026-04-15,000001,14:05:18,11.1900,1547,2
2026-04-15,000001,14:05:21,11.1900,246,2
2026-04-15,000001,14:05:24,11.1900,74,2
2026-04-15,000001,14:05:27,11.1900,26,1
2026-04-15,000001,14:05:30,11.1900,108,1
2026-04-15,000001,14:05:33,11.1900,1,2
2026-04-15,000001,14:05:36,11.1900,304,2
2026-04-15,000001,14:05:39,11.1900,92,2
2026-04-15,000001,14:05:42,11.1900,86,1
2026-04-15,000001,14:05:45,11.1900,16,1
2026-04-15,000001,14:05:48,11.1900,75,1
2026-04-15,000001,14:05:51,11.1900,12,1
2026-04-15,000001,14:05:54,11.1900,1,1
2026-04-15,000001,14:05:57,11.1800,1,2
2026-04-15,000001,14:06:00,11.1800,1,2
2026-04-15,000001,14:06:03,11.1800,11,2
2026-04-15,000001,14:06:09,11.1900,1,1
2026-04-15,000001,14:06:12,11.1800,101,2
2026-04-15,000001,14:06:15,11.1800,53,2
2026-04-15,000001,14:06:18,11.1900,79,1
2026-04-15,000001,14:06:21,11.1900,216,1
2026-04-15,000001,14:06:24,11.1900,1,2
2026-04-15,000001,14:06:27,11.1900,45,2
2026-04-15,000001,14:06:30,11.1900,149,2
2026-04-15,000001,14:06:33,11.1900,17,1
2026-04-15,000001,14:06:36,11.1900,41,1
2026-04-15,000001,14:06:42,11.1800,110,2
2026-04-15,000001,14:06:45,11.1900,192,1
2026-04-15,000001,14:06:48,11.1800,22,2
2026-04-15,000001,14:06:51,11.1800,125,2
2026-04-15,000001,14:06:54,11.2000,121,1
2026-04-15,000001,14:06:57,11.2000,71,1
2026-04-15,000001,14:07:00,11.1900,2,2
2026-04-15,000001,14:07:03,11.1900,1,2
2026-04-15,000001,14:07:06,11.1900,56,2
2026-04-15,000001,14:07:12,11.1900,3,2
2026-04-15,000001,14:07:15,11.1900,86,2
2026-04-15,000001,14:07:18,11.1900,21,2
2026-04-15,000001,14:07:21,11.1900,34,2
2026-04-15,000001,14:07:24,11.1900,13,2
2026-04-15,000001,14:07:27,11.1900,94,2
2026-04-15,000001,14:07:30,11.1800,1,2
2026-04-15,000001,14:07:33,11.1900,7,1
2026-04-15,000001,14:07:36,11.1800,17,2
2026-04-15,000001,14:07:42,11.1800,16,2
2026-04-15,000001,14:07:51,11.1800,22,2
2026-04-15,000001,14:07:57,11.1900,72,1
2026-04-15,000001,14:08:00,11.1800,1,2
2026-04-15,000001,14:08:03,11.1900,50,1
2026-04-15,000001,14:08:09,11.1900,89,1
2026-04-15,000001,14:08:12,11.1900,126,1
2026-04-15,000001,14:08:18,11.1900,75,2
2026-04-15,000001,14:08:24,11.1900,37,2
2026-04-15,000001,14:08:27,11.1900,20,2
2026-04-15,000001,14:08:30,11.1900,89,2
2026-04-15,000001,14:08:36,11.1900,8,2
2026-04-15,000001,14:08:39,11.2000,43,1
2026-04-15,000001,14:08:42,11.1900,40,2
2026-04-15,000001,14:08:45,11.1900,14,2
2026-04-15,000001,14:08:51,11.1900,2,2
2026-04-15,000001,14:08:54,11.1900,4,2
2026-04-15,000001,14:08:57,11.1900,40,2
2026-04-15,000001,14:09:00,11.1900,4,2
2026-04-15,000001,14:09:03,11.1900,2,2
2026-04-15,000001,14:09:06,11.2000,4,1
2026-04-15,000001,14:09:09,11.1900,8,2
2026-04-15,000001,14:09:12,11.1900,88,2
2026-04-15,000001,14:09:15,11.1900,2,2
2026-04-15,000001,14:09:18,11.1900,10,2
2026-04-15,000001,14:09:21,11.1900,102,2
2026-04-15,000001,14:09:24,11.1900,198,2
2026-04-15,000001,14:09:27,11.1900,9,2
2026-04-15,000001,14:09:33,11.2000,36,1
2026-04-15,000001,14:09:36,11.1900,16,2
2026-04-15,000001,14:09:39,11.1900,15,2
2026-04-15,000001,14:09:42,11.1900,6,2
2026-04-15,000001,14:09:45,11.2000,6,1
2026-04-15,000001,14:09:54,11.1900,50,2
2026-04-15,000001,14:09:57,11.1900,18,2
2026-04-15,000001,14:10:03,11.1900,1,2
2026-04-15,000001,14:10:09,11.1900,28,2
2026-04-15,000001,14:10:15,11.1900,135,2
2026-04-15,000001,14:10:18,11.1900,20,2
2026-04-15,000001,14:10:24,11.1900,1,2
2026-04-15,000001,14:10:27,11.1900,11,2
2026-04-15,000001,14:10:30,11.1900,11,2
2026-04-15,000001,14:10:33,11.1900,79,2
2026-04-15,000001,14:10:39,11.1900,14,2
2026-04-15,000001,14:10:42,11.2000,14,1
2026-04-15,000001,14:10:48,11.2000,182,1
2026-04-15,000001,14:10:54,11.1900,122,2
2026-04-15,000001,14:10:57,11.1900,6,2
2026-04-15,000001,14:11:00,11.1900,3,2
2026-04-15,000001,14:11:03,11.1900,26,2
2026-04-15,000001,14:11:09,11.2000,135,1
2026-04-15,000001,14:11:12,11.1900,927,2
2026-04-15,000001,14:11:15,11.1900,2,2
2026-04-15,000001,14:11:18,11.2000,23,1
2026-04-15,000001,14:11:21,11.1900,116,2
2026-04-15,000001,14:11:24,11.1900,59,2
2026-04-15,000001,14:11:27,11.1900,41,2
2026-04-15,000001,14:11:30,11.1900,31,2
2026-04-15,000001,14:11:33,11.1900,112,2
2026-04-15,000001,14:11:36,11.1900,193,2
2026-04-15,000001,14:11:39,11.1900,1,2
2026-04-15,000001,14:11:42,11.1900,46,2
2026-04-15,000001,14:11:45,11.1900,52,2
2026-04-15,000001,14:11:48,11.1900,167,2
2026-04-15,000001,14:11:51,11.1900,4,2
2026-04-15,000001,14:11:54,11.1900,184,2
2026-04-15,000001,14:11:57,11.1900,1,2
2026-04-15,000001,14:12:00,11.1900,3,2
2026-04-15,000001,14:12:03,11.1900,5,2
2026-04-15,000001,14:12:06,11.1900,1,2
2026-04-15,000001,14:12:09,11.1900,38,2
2026-04-15,000001,14:12:12,11.1900,144,2
2026-04-15,000001,14:12:15,11.1900,13,2
2026-04-15,000001,14:12:18,11.2000,18,1
2026-04-15,000001,14:12:21,11.1900,7,2
2026-04-15,000001,14:12:24,11.1900,34,2
2026-04-15,000001,14:12:27,11.1800,760,2
2026-04-15,000001,14:12:30,11.1900,43,1
2026-04-15,000001,14:12:33,11.1900,49,2
2026-04-15,000001,14:12:36,11.1900,5,2
2026-04-15,000001,14:12:39,11.1900,159,2
2026-04-15,000001,14:12:42,11.1900,12,2
2026-04-15,000001,14:12:45,11.1900,2,2
2026-04-15,000001,14:12:48,11.1900,38,2
2026-04-15,000001,14:12:51,11.1900,5,2
2026-04-15,000001,14:12:54,11.2000,3,1
2026-04-15,000001,14:12:57,11.1900,7,2
2026-04-15,000001,14:13:00,11.1900,166,2
2026-04-15,000001,14:13:03,11.1900,30,2
2026-04-15,000001,14:13:06,11.1900,16,2
2026-04-15,000001,14:13:12,11.1900,5,2
2026-04-15,000001,14:13:15,11.1900,5,2
2026-04-15,000001,14:13:18,11.1900,1,2
2026-04-15,000001,14:13:24,11.1900,354,2
2026-04-15,000001,14:13:27,11.1900,93,1
2026-04-15,000001,14:13:30,11.1900,397,1
2026-04-15,000001,14:13:33,11.1900,12,2
2026-04-15,000001,14:13:36,11.1900,47,2
2026-04-15,000001,14:13:39,11.1900,8,2
2026-04-15,000001,14:13:42,11.1900,209,2
2026-04-15,000001,14:13:48,11.1900,172,2
2026-04-15,000001,14:13:51,11.1900,11,2
2026-04-15,000001,14:13:54,11.1900,22,2
2026-04-15,000001,14:13:57,11.1900,20,2
2026-04-15,000001,14:14:00,11.1900,122,2
2026-04-15,000001,14:14:03,11.2000,21,1
2026-04-15,000001,14:14:06,11.2000,163,1
2026-04-15,000001,14:14:09,11.2000,4,1
2026-04-15,000001,14:14:18,11.1900,30,2
2026-04-15,000001,14:14:21,11.1900,60,2
2026-04-15,000001,14:14:24,11.1900,1,2
2026-04-15,000001,14:14:27,11.1900,1,2
2026-04-15,000001,14:14:30,11.2000,2,1
2026-04-15,000001,14:14:33,11.1900,66,2
2026-04-15,000001,14:14:36,11.1900,12,2
2026-04-15,000001,14:14:39,11.1900,4,2
2026-04-15,000001,14:14:42,11.1900,8,2
2026-04-15,000001,14:14:45,11.1900,4,2
2026-04-15,000001,14:14:48,11.1900,9,2
2026-04-15,000001,14:14:51,11.1900,1,2
2026-04-15,000001,14:14:54,11.1900,4,2
2026-04-15,000001,14:15:03,11.1900,2,2
2026-04-15,000001,14:15:15,11.1900,61,2
2026-04-15,000001,14:15:18,11.2000,4,1
2026-04-15,000001,14:15:24,11.1900,105,2
2026-04-15,000001,14:15:30,11.2000,8,1
2026-04-15,000001,14:15:33,11.1900,261,2
2026-04-15,000001,14:15:36,11.2000,2,1
2026-04-15,000001,14:15:39,11.2000,2,1
2026-04-15,000001,14:15:45,11.2000,14,1
2026-04-15,000001,14:15:48,11.1900,13,2
2026-04-15,000001,14:15:54,11.2000,28,1
2026-04-15,000001,14:15:57,11.1900,28,2
2026-04-15,000001,14:16:00,11.2000,1,1
2026-04-15,000001,14:16:03,11.1900,16,2
2026-04-15,000001,14:16:06,11.2000,84,1
2026-04-15,000001,14:16:09,11.2000,73,1
2026-04-15,000001,14:16:15,11.1900,85,2
2026-04-15,000001,14:16:18,11.1900,16,2
2026-04-15,000001,14:16:21,11.1900,55,2
2026-04-15,000001,14:16:27,11.2000,1,1
2026-04-15,000001,14:16:30,11.1900,18,2
2026-04-15,000001,14:16:33,11.2000,101,1
2026-04-15,000001,14:16:36,11.2000,13,1
2026-04-15,000001,14:16:39,11.1900,44,2
2026-04-15,000001,14:16:42,11.2000,2,1
2026-04-15,000001,14:16:48,11.2000,1,1
2026-04-15,000001,14:16:51,11.2000,102,1
2026-04-15,000001,14:16:54,11.1900,28,2
2026-04-15,000001,14:16:57,11.1900,148,2
2026-04-15,000001,14:17:03,11.2000,30,1
2026-04-15,000001,14:17:06,11.1900,291,2
2026-04-15,000001,14:17:09,11.1900,22,2
2026-04-15,000001,14:17:12,11.2000,375,1
2026-04-15,000001,14:17:15,11.2000,21,1
2026-04-15,000001,14:17:18,11.1900,40,2
2026-04-15,000001,14:17:21,11.1900,414,2
2026-04-15,000001,14:17:24,11.1900,60,2
2026-04-15,000001,14:17:27,11.1900,129,2
2026-04-15,000001,14:17:30,11.1900,56,2
2026-04-15,000001,14:17:33,11.2000,121,1
2026-04-15,000001,14:17:36,11.1900,47,2
2026-04-15,000001,14:17:39,11.2000,60,1
2026-04-15,000001,14:17:42,11.1900,11,2
2026-04-15,000001,14:17:45,11.1900,2,2
2026-04-15,000001,14:17:48,11.1900,7,2
2026-04-15,000001,14:17:51,11.2000,159,1
2026-04-15,000001,14:17:54,11.2000,54,1
2026-04-15,000001,14:17:57,11.2000,22,1
2026-04-15,000001,14:18:00,11.2000,52,1
2026-04-15,000001,14:18:03,11.2000,1204,1
2026-04-15,000001,14:18:06,11.2000,277,1
2026-04-15,000001,14:18:09,11.2000,409,1
2026-04-15,000001,14:18:12,11.2000,35,1
2026-04-15,000001,14:18:15,11.2000,162,1
2026-04-15,000001,14:18:18,11.2000,184,1
2026-04-15,000001,14:18:21,11.2000,67,1
2026-04-15,000001,14:18:24,11.2000,117,1
2026-04-15,000001,14:18:27,11.2000,38,1
2026-04-15,000001,14:18:30,11.2000,29,1
2026-04-15,000001,14:18:33,11.2000,33,1
2026-04-15,000001,14:18:36,11.2000,90,1
2026-04-15,000001,14:18:39,11.2000,24,1
2026-04-15,000001,14:18:42,11.1900,49,2
2026-04-15,000001,14:18:48,11.2000,33,1
2026-04-15,000001,14:18:54,11.2000,28,1
2026-04-15,000001,14:18:57,11.2000,60,1
2026-04-15,000001,14:19:00,11.1900,144,2
2026-04-15,000001,14:19:03,11.1900,126,2
2026-04-15,000001,14:19:06,11.1900,103,2
2026-04-15,000001,14:19:09,11.2000,83,1
2026-04-15,000001,14:19:15,11.2000,62,1
2026-04-15,000001,14:19:18,11.2000,56,1
2026-04-15,000001,14:19:21,11.2000,1,1
2026-04-15,000001,14:19:24,11.1900,25,2
2026-04-15,000001,14:19:27,11.1900,48,2
2026-04-15,000001,14:19:30,11.1900,215,2
2026-04-15,000001,14:19:33,11.1900,13,2
2026-04-15,000001,14:19:36,11.1900,33,2
2026-04-15,000001,14:19:39,11.1900,14,2
2026-04-15,000001,14:19:42,11.2000,10,1
2026-04-15,000001,14:19:45,11.2000,91,1
2026-04-15,000001,14:19:48,11.1900,133,2
2026-04-15,000001,14:19:51,11.2000,24,1
2026-04-15,000001,14:19:54,11.2000,39,1
2026-04-15,000001,14:19:57,11.2000,28,1
2026-04-15,000001,14:20:00,11.2000,67,1
2026-04-15,000001,14:20:03,11.1900,47,2
2026-04-15,000001,14:20:09,11.2000,27,1
2026-04-15,000001,14:20:15,11.2000,100,1
2026-04-15,000001,14:20:18,11.2000,53,1
2026-04-15,000001,14:20:21,11.2000,33,1
2026-04-15,000001,14:20:24,11.2000,30,1
2026-04-15,000001,14:20:27,11.2000,22,1
2026-04-15,000001,14:20:30,11.2000,33,1
2026-04-15,000001,14:20:33,11.2000,13,1
2026-04-15,000001,14:20:36,11.2000,56,1
2026-04-15,000001,14:20:39,11.2000,5,1
2026-04-15,000001,14:20:42,11.2000,42,1
2026-04-15,000001,14:20:45,11.1900,20,2
2026-04-15,000001,14:20:48,11.2000,38,1
2026-04-15,000001,14:20:51,11.2000,66,1
2026-04-15,000001,14:20:57,11.2000,30,1
2026-04-15,000001,14:21:00,11.1900,134,2
2026-04-15,000001,14:21:03,11.1900,2,2
2026-04-15,000001,14:21:06,11.2000,42,1
2026-04-15,000001,14:21:09,11.1900,7,2
2026-04-15,000001,14:21:12,11.2000,7,1
2026-04-15,000001,14:21:15,11.1900,1,2
2026-04-15,000001,14:21:18,11.2000,6,1
2026-04-15,000001,14:21:21,11.2000,29,1
2026-04-15,000001,14:21:24,11.2000,47,1
2026-04-15,000001,14:21:27,11.2000,25,1
2026-04-15,000001,14:21:30,11.1900,243,2
2026-04-15,000001,14:21:36,11.2000,29,1
2026-04-15,000001,14:21:39,11.1900,2,2
2026-04-15,000001,14:21:42,11.2000,154,1
2026-04-15,000001,14:21:45,11.1900,10,2
2026-04-15,000001,14:21:48,11.2000,57,1
2026-04-15,000001,14:21:51,11.2000,35,1
2026-04-15,000001,14:21:57,11.2000,101,1
2026-04-15,000001,14:22:03,11.2000,32,1
2026-04-15,000001,14:22:06,11.1900,59,2
2026-04-15,000001,14:22:09,11.1900,1,2
2026-04-15,000001,14:22:15,11.1900,7,2
2026-04-15,000001,14:22:18,11.1900,501,2
2026-04-15,000001,14:22:21,11.2000,60,1
2026-04-15,000001,14:22:24,11.1900,18,2
2026-04-15,000001,14:22:27,11.2000,49,1
2026-04-15,000001,14:22:30,11.2000,30,1
2026-04-15,000001,14:22:39,11.2000,29,1
2026-04-15,000001,14:22:42,11.2000,28,1
2026-04-15,000001,14:22:45,11.2000,80,1
2026-04-15,000001,14:22:48,11.2000,32,1
2026-04-15,000001,14:22:51,11.2000,27,1
2026-04-15,000001,14:22:54,11.2000,36,1
2026-04-15,000001,14:22:57,11.1900,23,2
2026-04-15,000001,14:23:00,11.1900,40,2
2026-04-15,000001,14:23:03,11.2000,1226,1
2026-04-15,000001,14:23:06,11.1900,4,2
2026-04-15,000001,14:23:09,11.2000,33,1
2026-04-15,000001,14:23:12,11.2000,67,1
2026-04-15,000001,14:23:15,11.2000,546,1
2026-04-15,000001,14:23:18,11.1900,55,2
2026-04-15,000001,14:23:21,11.2000,31,1
2026-04-15,000001,14:23:30,11.2000,54,1
2026-04-15,000001,14:23:33,11.2000,27,1
2026-04-15,000001,14:23:36,11.1900,122,2
2026-04-15,000001,14:23:39,11.2000,150,1
2026-04-15,000001,14:23:42,11.1900,87,2
2026-04-15,000001,14:23:45,11.2000,23,1
2026-04-15,000001,14:23:48,11.1900,21,2
2026-04-15,000001,14:23:51,11.2000,32,1
2026-04-15,000001,14:23:54,11.1900,28,2
2026-04-15,000001,14:23:57,11.1900,3,2
2026-04-15,000001,14:24:00,11.2000,671,1
2026-04-15,000001,14:24:03,11.1900,1,2
2026-04-15,000001,14:24:06,11.1900,196,2
2026-04-15,000001,14:24:09,11.1900,69,2
2026-04-15,000001,14:24:12,11.1900,56,2
2026-04-15,000001,14:24:18,11.2000,24,1
2026-04-15,000001,14:24:21,11.2000,291,1
2026-04-15,000001,14:24:27,11.2000,26,1
2026-04-15,000001,14:24:30,11.1900,24,2
2026-04-15,000001,14:24:33,11.1900,71,2
2026-04-15,000001,14:24:36,11.1900,25,2
2026-04-15,000001,14:24:39,11.1900,182,2
2026-04-15,000001,14:24:42,11.1900,34,2
2026-04-15,000001,14:24:45,11.2000,406,1
2026-04-15,000001,14:24:48,11.2000,21,1
2026-04-15,000001,14:24:51,11.2000,1,1
2026-04-15,000001,14:24:54,11.2000,29,1
2026-04-15,000001,14:24:57,11.2000,23,1
2026-04-15,000001,14:25:00,11.2000,57,1
2026-04-15,000001,14:25:03,11.1900,38,2
2026-04-15,000001,14:25:06,11.2000,89,1
2026-04-15,000001,14:25:09,11.1900,49,2
2026-04-15,000001,14:25:12,11.2000,34,1
2026-04-15,000001,14:25:15,11.2000,13,1
2026-04-15,000001,14:25:18,11.2000,377,1
2026-04-15,000001,14:25:21,11.2000,39,1
2026-04-15,000001,14:25:24,11.2000,26,1
2026-04-15,000001,14:25:27,11.1900,188,2
2026-04-15,000001,14:25:30,11.2000,2,1
2026-04-15,000001,14:25:33,11.1900,42,2
2026-04-15,000001,14:25:36,11.2000,25,1
2026-04-15,000001,14:25:39,11.2000,109,1
2026-04-15,000001,14:25:42,11.2000,51,1
2026-04-15,000001,14:25:45,11.2000,33,1
2026-04-15,000001,14:25:48,11.2000,1203,1
2026-04-15,000001,14:25:51,11.2000,40,1
2026-04-15,000001,14:25:54,11.2000,11467,1
2026-04-15,000001,14:25:57,11.2000,94,2
2026-04-15,000001,14:26:00,11.2000,40,2
2026-04-15,000001,14:26:03,11.2000,149,2
2026-04-15,000001,14:26:06,11.2100,40,1
2026-04-15,000001,14:26:09,11.2000,221,2
2026-04-15,000001,14:26:12,11.2000,50,2
2026-04-15,000001,14:26:15,11.2100,44,1
2026-04-15,000001,14:26:18,11.2000,51,2
2026-04-15,000001,14:26:21,11.2100,13,1
2026-04-15,000001,14:26:27,11.2000,71,2
2026-04-15,000001,14:26:33,11.2100,3,1
2026-04-15,000001,14:26:36,11.2000,1,2
2026-04-15,000001,14:26:45,11.2100,7,1
2026-04-15,000001,14:26:48,11.2100,2,1
2026-04-15,000001,14:26:51,11.2100,56,1
2026-04-15,000001,14:26:54,11.2000,29,2
2026-04-15,000001,14:26:57,11.2000,51,2
2026-04-15,000001,14:27:00,11.2100,49,1
2026-04-15,000001,14:27:03,11.2000,28,2
2026-04-15,000001,14:27:09,11.2100,26,1
2026-04-15,000001,14:27:12,11.2000,140,2
2026-04-15,000001,14:27:18,11.2000,2,2
2026-04-15,000001,14:27:21,11.2100,2,1
2026-04-15,000001,14:27:24,11.2100,68,1
2026-04-15,000001,14:27:27,11.2000,172,2
2026-04-15,000001,14:27:33,11.2000,101,2
2026-04-15,000001,14:27:36,11.2000,49,2
2026-04-15,000001,14:27:39,11.2000,145,2
2026-04-15,000001,14:27:42,11.2000,770,2
2026-04-15,000001,14:27:45,11.2000,166,2
2026-04-15,000001,14:27:48,11.2000,1,2
2026-04-15,000001,14:27:51,11.2000,107,2
2026-04-15,000001,14:27:54,11.2100,62,1
2026-04-15,000001,14:27:57,11.2000,77,2
2026-04-15,000001,14:28:00,11.2000,147,2
2026-04-15,000001,14:28:03,11.2000,66,2
2026-04-15,000001,14:28:06,11.2000,188,2
2026-04-15,000001,14:28:09,11.2000,3,2
2026-04-15,000001,14:28:12,11.2000,28,2
2026-04-15,000001,14:28:15,11.2100,191,1
2026-04-15,000001,14:28:18,11.2000,2,2
2026-04-15,000001,14:28:21,11.2000,231,2
2026-04-15,000001,14:28:27,11.2000,109,2
2026-04-15,000001,14:28:30,11.2000,78,2
2026-04-15,000001,14:28:33,11.2100,111,1
2026-04-15,000001,14:28:36,11.2000,588,2
2026-04-15,000001,14:28:39,11.2000,83,2
2026-04-15,000001,14:28:42,11.2100,4,1
2026-04-15,000001,14:28:45,11.2000,20,2
2026-04-15,000001,14:28:48,11.2000,29,2
2026-04-15,000001,14:28:51,11.2100,88,1
2026-04-15,000001,14:29:00,11.2000,125,2
2026-04-15,000001,14:29:03,11.2100,284,1
2026-04-15,000001,14:29:06,11.2000,327,2
2026-04-15,000001,14:29:09,11.2100,65,1
2026-04-15,000001,14:29:12,11.2000,65,2
2026-04-15,000001,14:29:15,11.2000,41,2
2026-04-15,000001,14:29:18,11.2000,32,2
2026-04-15,000001,14:29:21,11.2100,55,1
2026-04-15,000001,14:29:24,11.2100,9,1
2026-04-15,000001,14:29:27,11.2100,7,1
2026-04-15,000001,14:29:30,11.2100,63,1
2026-04-15,000001,14:29:33,11.2000,50,2
2026-04-15,000001,14:29:36,11.2000,91,2
2026-04-15,000001,14:29:39,11.2000,55,2
2026-04-15,000001,14:29:42,11.2100,55,1
2026-04-15,000001,14:29:45,11.2000,336,2
2026-04-15,000001,14:29:48,11.2000,62,2
2026-04-15,000001,14:29:51,11.2100,29,1
2026-04-15,000001,14:29:54,11.2100,11,1
2026-04-15,000001,14:29:57,11.2100,173,1
2026-04-15,000001,14:30:00,11.2100,23,1
2026-04-15,000001,14:30:03,11.2000,40,2
2026-04-15,000001,14:30:06,11.2000,30,2
2026-04-15,000001,14:30:09,11.2100,46,1
2026-04-15,000001,14:30:12,11.2100,42,1
2026-04-15,000001,14:30:15,11.2100,109,1
2026-04-15,000001,14:30:18,11.2100,39,1
2026-04-15,000001,14:30:21,11.2100,8,1
2026-04-15,000001,14:30:24,11.2100,179,1
2026-04-15,000001,14:30:27,11.2100,39,1
2026-04-15,000001,14:30:30,11.2000,51,2
2026-04-15,000001,14:30:36,11.2000,150,2
2026-04-15,000001,14:30:39,11.2100,40,1
2026-04-15,000001,14:30:42,11.2000,1,2
2026-04-15,000001,14:30:51,11.2000,44,2
2026-04-15,000001,14:30:54,11.2000,102,2
2026-04-15,000001,14:30:57,11.2000,72,2
2026-04-15,000001,14:31:00,11.2000,1553,2
2026-04-15,000001,14:31:03,11.2000,170,2
2026-04-15,000001,14:31:06,11.2100,6,1
2026-04-15,000001,14:31:09,11.2000,337,2
2026-04-15,000001,14:31:12,11.2000,38,2
2026-04-15,000001,14:31:15,11.2000,79,2
2026-04-15,000001,14:31:18,11.2000,300,2
2026-04-15,000001,14:31:21,11.2000,4,2
2026-04-15,000001,14:31:24,11.2000,590,2
2026-04-15,000001,14:31:27,11.2000,426,2
2026-04-15,000001,14:31:30,11.2000,1475,2
2026-04-15,000001,14:31:33,11.2000,71,2
2026-04-15,000001,14:31:36,11.2000,144,2
2026-04-15,000001,14:31:39,11.2000,8,2
2026-04-15,000001,14:31:42,11.2000,40,1
2026-04-15,000001,14:31:48,11.2000,1,2
2026-04-15,000001,14:31:51,11.2000,10,2
2026-04-15,000001,14:31:54,11.2000,10,2
2026-04-15,000001,14:31:57,11.2000,10,2
2026-04-15,000001,14:32:00,11.2000,18,2
2026-04-15,000001,14:32:03,11.2000,126,2
2026-04-15,000001,14:32:06,11.2000,53,1
2026-04-15,000001,14:32:09,11.2000,172,2
2026-04-15,000001,14:32:12,11.2000,11,1
2026-04-15,000001,14:32:15,11.2000,79,4
2026-04-15,000001,14:32:18,11.2000,71,1
2026-04-15,000001,14:32:21,11.2000,112,1
2026-04-15,000001,14:32:24,11.2000,39,1
2026-04-15,000001,14:32:27,11.2000,61,1
2026-04-15,000001,14:32:30,11.1900,140,2
2026-04-15,000001,14:32:33,11.2000,59,1
2026-04-15,000001,14:32:39,11.1900,189,2
2026-04-15,000001,14:32:45,11.2000,55,1
2026-04-15,000001,14:32:48,11.2000,33,1
2026-04-15,000001,14:32:51,11.2000,25,1
2026-04-15,000001,14:32:54,11.2000,52,1
2026-04-15,000001,14:32:57,11.1900,110,2
2026-04-15,000001,14:33:00,11.1900,28,2
2026-04-15,000001,14:33:03,11.1900,173,2
2026-04-15,000001,14:33:06,11.2000,14,1
2026-04-15,000001,14:33:09,11.2000,90,1
2026-04-15,000001,14:33:12,11.2000,81,1
2026-04-15,000001,14:33:15,11.2000,242,1
2026-04-15,000001,14:33:18,11.2000,82,1
2026-04-15,000001,14:33:21,11.1900,143,2
2026-04-15,000001,14:33:24,11.1900,60,2
2026-04-15,000001,14:33:27,11.2000,12,1
2026-04-15,000001,14:33:30,11.2000,40,1
2026-04-15,000001,14:33:36,11.2000,66,1
2026-04-15,000001,14:33:39,11.2000,3,1
2026-04-15,000001,14:33:42,11.2000,88,1
2026-04-15,000001,14:33:48,11.2000,105,1
2026-04-15,000001,14:33:51,11.2000,182,1
2026-04-15,000001,14:33:54,11.2000,229,1
2026-04-15,000001,14:33:57,11.2000,144,1
2026-04-15,000001,14:34:00,11.2000,47,1
2026-04-15,000001,14:34:03,11.1900,12,2
2026-04-15,000001,14:34:06,11.2000,55,1
2026-04-15,000001,14:34:09,11.2000,101,1
2026-04-15,000001,14:34:12,11.2000,19,1
2026-04-15,000001,14:34:15,11.2000,36,1
2026-04-15,000001,14:34:18,11.2000,55,1
2026-04-15,000001,14:34:21,11.1900,6,2
2026-04-15,000001,14:34:24,11.2000,64,1
2026-04-15,000001,14:34:30,11.2000,30,1
2026-04-15,000001,14:34:33,11.2000,19,1
2026-04-15,000001,14:34:36,11.2000,46,1
2026-04-15,000001,14:34:42,11.2000,174,1
2026-04-15,000001,14:34:45,11.1900,80,2
2026-04-15,000001,14:34:48,11.2000,43,1
2026-04-15,000001,14:34:51,11.1900,44,2
2026-04-15,000001,14:34:54,11.2000,28,1
2026-04-15,000001,14:34:57,11.1900,125,2
2026-04-15,000001,14:35:00,11.2000,106,1
2026-04-15,000001,14:35:03,11.2000,77,1
2026-04-15,000001,14:35:06,11.2000,55,1
2026-04-15,000001,14:35:09,11.2000,1,1
2026-04-15,000001,14:35:12,11.2000,37,1
2026-04-15,000001,14:35:15,11.2000,52,1
2026-04-15,000001,14:35:18,11.1900,62,2
2026-04-15,000001,14:35:21,11.1900,42,2
2026-04-15,000001,14:35:24,11.2000,4,1
2026-04-15,000001,14:35:30,11.1900,29,2
2026-04-15,000001,14:35:36,11.1900,12,2
2026-04-15,000001,14:35:39,11.2000,19,1
2026-04-15,000001,14:35:42,11.2000,16,1
2026-04-15,000001,14:35:45,11.2000,16,1
2026-04-15,000001,14:35:48,11.2000,55,1
2026-04-15,000001,14:35:51,11.2000,20,1
2026-04-15,000001,14:35:54,11.2000,17,1
2026-04-15,000001,14:35:57,11.2000,4,1
2026-04-15,000001,14:36:03,11.2000,53,1
2026-04-15,000001,14:36:06,11.2000,46,1
2026-04-15,000001,14:36:09,11.2000,419,1
2026-04-15,000001,14:36:12,11.2000,374,1
2026-04-15,000001,14:36:15,11.2000,202,1
2026-04-15,000001,14:36:18,11.2000,189,1
2026-04-15,000001,14:36:21,11.2000,141,1
2026-04-15,000001,14:36:24,11.2000,69,1
2026-04-15,000001,14:36:30,11.2000,22,1
2026-04-15,000001,14:36:33,11.2000,91,1
2026-04-15,000001,14:36:36,11.2000,35,1
2026-04-15,000001,14:36:39,11.2000,1,1
2026-04-15,000001,14:36:42,11.1900,41,2
2026-04-15,000001,14:36:48,11.1900,51,2
2026-04-15,000001,14:36:51,11.1900,32,2
2026-04-15,000001,14:36:54,11.1900,61,2
2026-04-15,000001,14:36:57,11.2000,129,1
2026-04-15,000001,14:37:00,11.1900,4,2
2026-04-15,000001,14:37:03,11.2000,749,1
2026-04-15,000001,14:37:06,11.2000,62,1
2026-04-15,000001,14:37:09,11.1900,8,2
2026-04-15,000001,14:37:12,11.2000,28,1
2026-04-15,000001,14:37:15,11.1900,79,2
2026-04-15,000001,14:37:18,11.1900,10,2
2026-04-15,000001,14:37:21,11.2000,4,1
2026-04-15,000001,14:37:30,11.1900,15,2
2026-04-15,000001,14:37:36,11.2000,22,1
2026-04-15,000001,14:37:39,11.2000,7,1
2026-04-15,000001,14:37:42,11.2000,1,1
2026-04-15,000001,14:37:45,11.2000,12,1
2026-04-15,000001,14:37:48,11.2000,216,1
2026-04-15,000001,14:37:51,11.2000,118,1
2026-04-15,000001,14:37:54,11.2000,151,1
2026-04-15,000001,14:37:57,11.2000,15,1
2026-04-15,000001,14:38:00,11.2000,49,1
2026-04-15,000001,14:38:03,11.2000,161,1
2026-04-15,000001,14:38:06,11.2000,61,1
2026-04-15,000001,14:38:09,11.2000,35,1
2026-04-15,000001,14:38:12,11.2000,236,1
2026-04-15,000001,14:38:15,11.2000,117,1
2026-04-15,000001,14:38:18,11.2000,16,1
2026-04-15,000001,14:38:21,11.2000,51,1
2026-04-15,000001,14:38:24,11.2000,66,1
2026-04-15,000001,14:38:30,11.2000,16,1
2026-04-15,000001,14:38:33,11.2000,16,1
2026-04-15,000001,14:38:36,11.1900,6,2
2026-04-15,000001,14:38:39,11.1900,10,2
2026-04-15,000001,14:38:42,11.2000,76,1
2026-04-15,000001,14:38:45,11.2000,32,1
2026-04-15,000001,14:38:48,11.1900,2,2
2026-04-15,000001,14:38:51,11.1900,169,2
2026-04-15,000001,14:38:54,11.2000,20,1
2026-04-15,000001,14:39:03,11.1900,5,2
2026-04-15,000001,14:39:06,11.1900,47,2
2026-04-15,000001,14:39:09,11.1900,24,2
2026-04-15,000001,14:39:12,11.1900,4,2
2026-04-15,000001,14:39:15,11.2000,2,1
2026-04-15,000001,14:39:21,11.2000,218,1
2026-04-15,000001,14:39:24,11.2000,110,1
2026-04-15,000001,14:39:27,11.2000,76,1
2026-04-15,000001,14:39:30,11.2000,44,1
2026-04-15,000001,14:39:33,11.1900,51,2
2026-04-15,000001,14:39:36,11.2000,78,1
2026-04-15,000001,14:39:39,11.1900,62,2
2026-04-15,000001,14:39:42,11.1900,75,2
2026-04-15,000001,14:39:45,11.2000,57,1
2026-04-15,000001,14:39:48,11.2000,48,1
2026-04-15,000001,14:39:51,11.2000,119,1
2026-04-15,000001,14:39:54,11.2000,63,1
2026-04-15,000001,14:39:57,11.1900,269,2
2026-04-15,000001,14:40:00,11.1900,205,2
2026-04-15,000001,14:40:03,11.1900,160,2
2026-04-15,000001,14:40:06,11.2000,20,1
2026-04-15,000001,14:40:09,11.1900,191,2
2026-04-15,000001,14:40:12,11.1900,63,2
2026-04-15,000001,14:40:15,11.2000,91,1
2026-04-15,000001,14:40:18,11.1900,44,2
2026-04-15,000001,14:40:21,11.1900,26,2
2026-04-15,000001,14:40:24,11.1900,9,2
2026-04-15,000001,14:40:27,11.1900,37,2
2026-04-15,000001,14:40:30,11.2000,5,1
2026-04-15,000001,14:40:36,11.1900,231,2
2026-04-15,000001,14:40:39,11.1900,78,2
2026-04-15,000001,14:40:42,11.1900,54,2
2026-04-15,000001,14:40:45,11.2000,5,1
2026-04-15,000001,14:40:48,11.1900,20,2
2026-04-15,000001,14:40:51,11.2000,9,1
2026-04-15,000001,14:40:54,11.1900,125,2
2026-04-15,000001,14:40:57,11.1900,400,2
2026-04-15,000001,14:41:00,11.2000,5747,1
2026-04-15,000001,14:41:03,11.2000,126,1
2026-04-15,000001,14:41:06,11.2000,178,2
2026-04-15,000001,14:41:09,11.2100,287,1
2026-04-15,000001,14:41:12,11.2000,494,2
2026-04-15,000001,14:41:15,11.2000,40,2
2026-04-15,000001,14:41:18,11.2000,226,2
2026-04-15,000001,14:41:21,11.1900,421,2
2026-04-15,000001,14:41:24,11.2000,436,1
2026-04-15,000001,14:41:27,11.2000,62,1
2026-04-15,000001,14:41:30,11.1900,35,2
2026-04-15,000001,14:41:33,11.2000,77,1
2026-04-15,000001,14:41:36,11.2000,91,1
2026-04-15,000001,14:41:39,11.2000,1,1
2026-04-15,000001,14:41:42,11.2000,47,1
2026-04-15,000001,14:41:45,11.2000,1,1
2026-04-15,000001,14:41:48,11.2000,56,1
2026-04-15,000001,14:41:51,11.1900,105,2
2026-04-15,000001,14:41:54,11.2000,20,1
2026-04-15,000001,14:41:57,11.2000,6,1
2026-04-15,000001,14:42:00,11.1900,563,2
2026-04-15,000001,14:42:03,11.2000,154,1
2026-04-15,000001,14:42:06,11.1900,35,2
2026-04-15,000001,14:42:09,11.2000,51,1
2026-04-15,000001,14:42:12,11.1900,63,2
2026-04-15,000001,14:42:21,11.2000,18,1
2026-04-15,000001,14:42:27,11.2000,126,1
2026-04-15,000001,14:42:30,11.2000,18,1
2026-04-15,000001,14:42:36,11.2000,16,1
2026-04-15,000001,14:42:39,11.2000,32,1
2026-04-15,000001,14:42:42,11.2000,82,1
2026-04-15,000001,14:42:45,11.2000,45,1
2026-04-15,000001,14:42:48,11.2000,48,1
2026-04-15,000001,14:42:51,11.2000,69,1
2026-04-15,000001,14:42:54,11.2000,97,1
2026-04-15,000001,14:42:57,11.2000,133,1
2026-04-15,000001,14:43:00,11.2000,88,1
2026-04-15,000001,14:43:03,11.2000,249,1
2026-04-15,000001,14:43:06,11.2000,133,1
2026-04-15,000001,14:43:09,11.2000,126,1
2026-04-15,000001,14:43:12,11.2000,35,1
2026-04-15,000001,14:43:15,11.2000,389,1
2026-04-15,000001,14:43:18,11.2000,117,1
2026-04-15,000001,14:43:21,11.2000,17,1
2026-04-15,000001,14:43:24,11.2000,19,1
2026-04-15,000001,14:43:27,11.1900,38,2
2026-04-15,000001,14:43:30,11.2000,5,1
2026-04-15,000001,14:43:33,11.2000,11,1
2026-04-15,000001,14:43:36,11.1900,145,2
2026-04-15,000001,14:43:39,11.1900,11,2
2026-04-15,000001,14:43:42,11.2000,191,1
2026-04-15,000001,14:43:48,11.2000,40,1
2026-04-15,000001,14:43:51,11.2000,3,1
2026-04-15,000001,14:43:54,11.1900,20,2
2026-04-15,000001,14:43:57,11.2000,2,1
2026-04-15,000001,14:44:00,11.2000,47,1
2026-04-15,000001,14:44:03,11.1900,14,2
2026-04-15,000001,14:44:09,11.2000,16,1
2026-04-15,000001,14:44:12,11.1900,55,2
2026-04-15,000001,14:44:15,11.1900,6,2
2026-04-15,000001,14:44:18,11.1900,54,2
2026-04-15,000001,14:44:21,11.1900,10,2
2026-04-15,000001,14:44:24,11.1900,24,2
2026-04-15,000001,14:44:27,11.1900,128,2
2026-04-15,000001,14:44:33,11.1900,157,2
2026-04-15,000001,14:44:36,11.1900,10,2
2026-04-15,000001,14:44:39,11.1900,204,2
2026-04-15,000001,14:44:42,11.1900,22,2
2026-04-15,000001,14:44:45,11.1900,52,2
2026-04-15,000001,14:44:48,11.2000,173,1
2026-04-15,000001,14:44:51,11.2000,122,1
2026-04-15,000001,14:44:54,11.2000,23,1
2026-04-15,000001,14:44:57,11.2000,56,1
2026-04-15,000001,14:45:00,11.2000,158,1
2026-04-15,000001,14:45:03,11.1900,53,2
2026-04-15,000001,14:45:06,11.2000,36,1
2026-04-15,000001,14:45:09,11.1900,37,2
2026-04-15,000001,14:45:12,11.2000,143,1
2026-04-15,000001,14:45:15,11.2000,134,1
2026-04-15,000001,14:45:18,11.2000,280,1
2026-04-15,000001,14:45:21,11.2000,166,1
2026-04-15,000001,14:45:24,11.2000,190,1
2026-04-15,000001,14:45:27,11.2000,118,1
2026-04-15,000001,14:45:30,11.2000,122,1
2026-04-15,000001,14:45:33,11.1900,2,2
2026-04-15,000001,14:45:36,11.1900,186,2
2026-04-15,000001,14:45:42,11.2000,77,1
2026-04-15,000001,14:45:45,11.1900,2,2
2026-04-15,000001,14:45:48,11.1900,29,2
2026-04-15,000001,14:45:51,11.2000,89,1
2026-04-15,000001,14:45:54,11.1900,200,2
2026-04-15,000001,14:45:57,11.1900,351,2
2026-04-15,000001,14:46:03,11.2000,56,1
2026-04-15,000001,14:46:06,11.2000,9,1
2026-04-15,000001,14:46:09,11.2000,134,1
2026-04-15,000001,14:46:12,11.2000,72,1
2026-04-15,000001,14:46:15,11.1900,28,2
2026-04-15,000001,14:46:18,11.1900,142,2
2026-04-15,000001,14:46:21,11.2000,33,1
2026-04-15,000001,14:46:27,11.1900,88,2
2026-04-15,000001,14:46:30,11.1900,36,2
2026-04-15,000001,14:46:33,11.1900,53,2
2026-04-15,000001,14:46:39,11.1900,83,2
2026-04-15,000001,14:46:42,11.1900,305,2
2026-04-15,000001,14:46:45,11.2000,17,1
2026-04-15,000001,14:46:48,11.2000,67,1
2026-04-15,000001,14:46:51,11.1900,2,2
2026-04-15,000001,14:46:54,11.2000,23,1
2026-04-15,000001,14:46:57,11.1900,53,2
2026-04-15,000001,14:47:03,11.1900,107,2
2026-04-15,000001,14:47:06,11.1900,1,2
2026-04-15,000001,14:47:09,11.1900,32,2
2026-04-15,000001,14:47:12,11.1900,28,2
2026-04-15,000001,14:47:15,11.2000,170,1
2026-04-15,000001,14:47:18,11.1900,41,2
2026-04-15,000001,14:47:21,11.2000,22,1
2026-04-15,000001,14:47:24,11.1900,76,2
2026-04-15,000001,14:47:27,11.1900,80,2
2026-04-15,000001,14:47:30,11.1900,69,2
2026-04-15,000001,14:47:33,11.1900,193,2
2026-04-15,000001,14:47:36,11.2000,188,1
2026-04-15,000001,14:47:39,11.1900,33,2
2026-04-15,000001,14:47:42,11.2000,93,1
2026-04-15,000001,14:47:45,11.2000,21,1
2026-04-15,000001,14:47:48,11.1900,69,2
2026-04-15,000001,14:47:51,11.2000,91,1
2026-04-15,000001,14:47:54,11.2000,149,1
2026-04-15,000001,14:47:57,11.2000,2160,1
2026-04-15,000001,14:48:00,11.2000,543,2
2026-04-15,000001,14:48:03,11.2000,415,1
2026-04-15,000001,14:48:06,11.2000,131,4
2026-04-15,000001,14:48:09,11.2000,251,1
2026-04-15,000001,14:48:12,11.1900,12,2
2026-04-15,000001,14:48:15,11.2000,104,1
2026-04-15,000001,14:48:18,11.2000,150,1
2026-04-15,000001,14:48:21,11.1900,196,2
2026-04-15,000001,14:48:24,11.2000,5,1
2026-04-15,000001,14:48:27,11.2000,73,1
2026-04-15,000001,14:48:30,11.2000,583,1
2026-04-15,000001,14:48:33,11.1900,36,2
2026-04-15,000001,14:48:36,11.2000,10,1
2026-04-15,000001,14:48:48,11.2000,20,1
2026-04-15,000001,14:48:51,11.2000,21,1
2026-04-15,000001,14:48:54,11.2000,17,1
2026-04-15,000001,14:48:57,11.2000,87,1
2026-04-15,000001,14:49:00,11.2000,24,1
2026-04-15,000001,14:49:03,11.1900,203,2
2026-04-15,000001,14:49:06,11.2000,7,1
2026-04-15,000001,14:49:12,11.2000,59,1
2026-04-15,000001,14:49:15,11.1900,299,2
2026-04-15,000001,14:49:18,11.1900,843,2
2026-04-15,000001,14:49:21,11.2000,34,1
2026-04-15,000001,14:49:24,11.2000,590,1
2026-04-15,000001,14:49:27,11.2000,3303,2
2026-04-15,000001,14:49:30,11.2000,107,2
2026-04-15,000001,14:49:33,11.2000,1109,2
2026-04-15,000001,14:49:36,11.2100,268,1
2026-04-15,000001,14:49:39,11.2000,242,2
2026-04-15,000001,14:49:42,11.2000,57,2
2026-04-15,000001,14:49:45,11.2000,766,2
2026-04-15,000001,14:49:48,11.2000,42,1
2026-04-15,000001,14:49:51,11.2000,159,1
2026-04-15,000001,14:49:54,11.2000,104,1
2026-04-15,000001,14:49:57,11.2000,277,1
2026-04-15,000001,14:50:00,11.1900,141,2
2026-04-15,000001,14:50:03,11.1900,783,2
2026-04-15,000001,14:50:06,11.1900,62,2
2026-04-15,000001,14:50:09,11.2000,21,1
2026-04-15,000001,14:50:12,11.2000,762,1
2026-04-15,000001,14:50:15,11.2000,106,1
2026-04-15,000001,14:50:18,11.2000,30,1
2026-04-15,000001,14:50:21,11.2000,36,1
2026-04-15,000001,14:50:24,11.2000,84,1
2026-04-15,000001,14:50:27,11.2000,109,1
2026-04-15,000001,14:50:30,11.2000,45,1
2026-04-15,000001,14:50:36,11.2000,10,1
2026-04-15,000001,14:50:39,11.2000,52,1
2026-04-15,000001,14:50:42,11.2000,226,1
2026-04-15,000001,14:50:45,11.2000,91,1
2026-04-15,000001,14:50:48,11.2000,57,1
2026-04-15,000001,14:50:51,11.2000,51,1
2026-04-15,000001,14:50:54,11.2000,10,1
2026-04-15,000001,14:50:57,11.2000,138,1
2026-04-15,000001,14:51:00,11.2000,19,1
2026-04-15,000001,14:51:03,11.1900,1,2
2026-04-15,000001,14:51:06,11.2000,235,1
2026-04-15,000001,14:51:09,11.2000,10,1
2026-04-15,000001,14:51:12,11.1900,20,2
2026-04-15,000001,14:51:15,11.2000,4,1
2026-04-15,000001,14:51:18,11.1900,49,2
2026-04-15,000001,14:51:21,11.1900,15,2
2026-04-15,000001,14:51:24,11.1900,462,2
2026-04-15,000001,14:51:27,11.2000,35,1
2026-04-15,000001,14:51:30,11.2000,1,1
2026-04-15,000001,14:51:33,11.1900,2,2
2026-04-15,000001,14:51:36,11.2000,1,1
2026-04-15,000001,14:51:39,11.1900,251,2
2026-04-15,000001,14:51:42,11.2000,33,1
2026-04-15,000001,14:51:45,11.2000,1,1
2026-04-15,000001,14:51:48,11.2000,101,1
2026-04-15,000001,14:51:51,11.2000,103,1
2026-04-15,000001,14:51:54,11.1900,18,2
2026-04-15,000001,14:51:57,11.1900,79,2
2026-04-15,000001,14:52:00,11.2000,19,1
2026-04-15,000001,14:52:03,11.1900,26,2
2026-04-15,000001,14:52:06,11.1900,61,2
2026-04-15,000001,14:52:09,11.1900,26,2
2026-04-15,000001,14:52:12,11.1900,5,2
2026-04-15,000001,14:52:15,11.1900,200,2
2026-04-15,000001,14:52:18,11.1900,8,2
2026-04-15,000001,14:52:21,11.1900,1,2
2026-04-15,000001,14:52:24,11.2000,132,1
2026-04-15,000001,14:52:27,11.1900,36,2
2026-04-15,000001,14:52:30,11.2000,94,1
2026-04-15,000001,14:52:33,11.1900,110,2
2026-04-15,000001,14:52:36,11.2000,3,1
2026-04-15,000001,14:52:39,11.1900,71,2
2026-04-15,000001,14:52:42,11.1900,175,2
2026-04-15,000001,14:52:45,11.1900,28,2
2026-04-15,000001,14:52:48,11.1900,5,2
2026-04-15,000001,14:52:51,11.1900,146,2
2026-04-15,000001,14:52:54,11.1900,19,2
2026-04-15,000001,14:52:57,11.1900,16,2
2026-04-15,000001,14:53:00,11.1900,44,2
2026-04-15,000001,14:53:03,11.1900,18,2
2026-04-15,000001,14:53:06,11.1900,3,2
2026-04-15,000001,14:53:09,11.1900,40,2
2026-04-15,000001,14:53:12,11.2000,74,1
2026-04-15,000001,14:53:15,11.1900,57,2
2026-04-15,000001,14:53:18,11.1900,5,2
2026-04-15,000001,14:53:21,11.1900,50,2
2026-04-15,000001,14:53:24,11.2000,239,1
2026-04-15,000001,14:53:27,11.1900,414,2
2026-04-15,000001,14:53:30,11.1900,101,2
2026-04-15,000001,14:53:33,11.2000,6,1
2026-04-15,000001,14:53:36,11.1900,1202,2
2026-04-15,000001,14:53:39,11.1900,34,2
2026-04-15,000001,14:53:42,11.1900,2,2
2026-04-15,000001,14:53:45,11.1900,78,2
2026-04-15,000001,14:53:48,11.1900,52,2
2026-04-15,000001,14:53:51,11.1900,258,2
2026-04-15,000001,14:53:54,11.1900,30,2
2026-04-15,000001,14:53:57,11.1900,30,2
2026-04-15,000001,14:54:00,11.1900,41,2
2026-04-15,000001,14:54:03,11.1900,66,2
2026-04-15,000001,14:54:06,11.1900,288,2
2026-04-15,000001,14:54:09,11.2000,54,1
2026-04-15,000001,14:54:12,11.2000,133,1
2026-04-15,000001,14:54:15,11.2000,69,1
2026-04-15,000001,14:54:18,11.1900,33,2
2026-04-15,000001,14:54:21,11.2000,625,1
2026-04-15,000001,14:54:24,11.2000,416,1
2026-04-15,000001,14:54:27,11.2000,34,1
2026-04-15,000001,14:54:30,11.2000,75,1
2026-04-15,000001,14:54:33,11.1900,41,2
2026-04-15,000001,14:54:36,11.2000,56,1
2026-04-15,000001,14:54:39,11.2000,232,1
2026-04-15,000001,14:54:42,11.2000,56,1
2026-04-15,000001,14:54:45,11.1900,20,2
2026-04-15,000001,14:54:48,11.1900,162,2
2026-04-15,000001,14:54:51,11.2000,25,1
2026-04-15,000001,14:54:54,11.2000,111,1
2026-04-15,000001,14:54:57,11.1900,14,2
2026-04-15,000001,14:55:00,11.1900,21,2
2026-04-15,000001,14:55:03,11.1900,51,2
2026-04-15,000001,14:55:06,11.1900,535,2
2026-04-15,000001,14:55:09,11.1900,253,2
2026-04-15,000001,14:55:12,11.1900,207,2
2026-04-15,000001,14:55:15,11.1900,306,2
2026-04-15,000001,14:55:18,11.1900,45,2
2026-04-15,000001,14:55:21,11.1900,357,2
2026-04-15,000001,14:55:24,11.1900,117,2
2026-04-15,000001,14:55:27,11.1900,53,2
2026-04-15,000001,14:55:30,11.1900,65,2
2026-04-15,000001,14:55:33,11.1900,142,2
2026-04-15,000001,14:55:36,11.1900,613,2
2026-04-15,000001,14:55:39,11.2000,99,1
2026-04-15,000001,14:55:42,11.2000,47,1
2026-04-15,000001,14:55:45,11.1900,14,2
2026-04-15,000001,14:55:48,11.1900,192,2
2026-04-15,000001,14:55:51,11.1900,21,2
2026-04-15,000001,14:55:54,11.1900,13,2
2026-04-15,000001,14:55:57,11.1900,24,2
2026-04-15,000001,14:56:00,11.2000,15,1
2026-04-15,000001,14:56:03,11.1900,2050,2
2026-04-15,000001,14:56:06,11.1900,177,2
2026-04-15,000001,14:56:09,11.2000,151,1
2026-04-15,000001,14:56:12,11.2000,62,1
2026-04-15,000001,14:56:15,11.1900,119,2
2026-04-15,000001,14:56:18,11.1900,84,2
2026-04-15,000001,14:56:21,11.2000,23,1
2026-04-15,000001,14:56:24,11.2100,31,1
2026-04-15,000001,14:56:27,11.2000,78,4
2026-04-15,000001,14:56:30,11.1900,9,2
2026-04-15,000001,14:56:33,11.1900,865,2
2026-04-15,000001,14:56:36,11.2100,99,1
2026-04-15,000001,14:56:39,11.2100,24,1
2026-04-15,000001,14:56:42,11.2000,63,2
2026-04-15,000001,14:56:45,11.2100,16,1
2026-04-15,000001,14:56:48,11.2000,135,2
2026-04-15,000001,14:56:51,11.2000,107,2
2026-04-15,000001,14:56:54,11.2100,7,1
2026-04-15,000001,14:56:57,11.2000,102,2
2026-04-15,000001,14:57:00,11.2000,42,2
2026-04-15,000001,15:00:01,11.2100,4862,4
2026-04-15,000001,11:23:06,11.2000,3,1
2026-04-15,000001,11:23:15,11.1900,1,2
2026-04-15,000001,11:23:18,11.1900,88,2
2026-04-15,000001,11:23:30,11.2000,154,1
2026-04-15,000001,11:23:33,11.1900,20,2
2026-04-15,000001,11:23:36,11.2000,106,1
2026-04-15,000001,11:23:45,11.1900,10,2
2026-04-15,000001,11:23:48,11.1900,104,2
2026-04-15,000001,11:23:51,11.1900,32,1
2026-04-15,000001,11:24:00,11.1800,15,2
2026-04-15,000001,11:24:03,11.2000,81,1
2026-04-15,000001,11:24:06,11.1900,74,2
2026-04-15,000001,11:24:09,11.2000,88,1
2026-04-15,000001,11:24:15,11.1900,23,2
2026-04-15,000001,11:24:18,11.1900,1,2
2026-04-15,000001,11:24:21,11.1900,11,2
2026-04-15,000001,11:24:24,11.1800,864,2
2026-04-15,000001,11:24:27,11.1900,741,1
2026-04-15,000001,11:24:33,11.1900,21,2
2026-04-15,000001,11:24:36,11.1900,56,1
2026-04-15,000001,11:24:39,11.1900,75,1
2026-04-15,000001,11:24:42,11.1900,12,4
2026-04-15,000001,11:24:57,11.2000,41,1
2026-04-15,000001,11:25:03,11.1900,20,2
2026-04-15,000001,11:25:09,11.1900,510,2
2026-04-15,000001,11:25:12,11.1900,30,2
2026-04-15,000001,11:25:24,11.1900,6,2
2026-04-15,000001,11:25:27,11.2000,35,1
2026-04-15,000001,11:25:33,11.2000,46,1
2026-04-15,000001,11:25:36,11.1900,3,2
2026-04-15,000001,11:25:45,11.1900,301,2
2026-04-15,000001,11:25:48,11.1900,94,2
2026-04-15,000001,11:25:51,11.1900,99,2
2026-04-15,000001,11:25:54,11.1900,5,2
2026-04-15,000001,11:25:57,11.1900,51,2
2026-04-15,000001,11:26:03,11.2000,110,1
2026-04-15,000001,11:26:12,11.1900,1,2
2026-04-15,000001,11:26:18,11.1900,71,2
2026-04-15,000001,11:26:21,11.1900,13,2
2026-04-15,000001,11:26:24,11.1900,29,2
2026-04-15,000001,11:26:27,11.1900,130,2
2026-04-15,000001,11:26:30,11.2000,196,1
2026-04-15,000001,11:26:36,11.1900,8,2
2026-04-15,000001,11:26:42,11.1900,100,2
2026-04-15,000001,11:26:51,11.2000,283,1
2026-04-15,000001,11:26:54,11.1900,137,2
2026-04-15,000001,11:26:57,11.2000,23,1
2026-04-15,000001,11:27:00,11.1900,49,2
2026-04-15,000001,11:27:03,11.1900,105,1
2026-04-15,000001,11:27:06,11.1900,20,1
2026-04-15,000001,11:27:09,11.2000,21,1
2026-04-15,000001,11:27:15,11.1900,45,2
2026-04-15,000001,11:27:18,11.1900,22,1
2026-04-15,000001,11:27:21,11.1900,33,1
2026-04-15,000001,11:27:24,11.1800,198,2
2026-04-15,000001,11:27:27,11.1800,6,2
2026-04-15,000001,11:27:30,11.1900,16,1
2026-04-15,000001,11:27:33,11.1800,16,2
2026-04-15,000001,11:27:36,11.1900,77,1
2026-04-15,000001,11:27:39,11.1800,200,2
2026-04-15,000001,11:27:42,11.1900,5,1
2026-04-15,000001,11:27:45,11.1900,328,1
2026-04-15,000001,11:27:48,11.1800,122,2
2026-04-15,000001,11:27:51,11.1800,16,2
2026-04-15,000001,11:27:54,11.1800,5,2
2026-04-15,000001,11:27:57,11.1800,1,2
2026-04-15,000001,11:28:00,11.1900,19,1
2026-04-15,000001,11:28:03,11.1800,64,2
2026-04-15,000001,11:28:18,11.1800,800,2
2026-04-15,000001,11:28:21,11.1800,885,4
2026-04-15,000001,11:28:27,11.1700,177,2
2026-04-15,000001,11:28:30,11.1700,22,2
2026-04-15,000001,11:28:33,11.1800,1,4
2026-04-15,000001,11:28:36,11.1800,24,2
2026-04-15,000001,11:28:39,11.1900,197,1
2026-04-15,000001,11:28:42,11.1800,12,4
2026-04-15,000001,11:28:51,11.1900,1,1
2026-04-15,000001,11:28:57,11.1800,45,2
2026-04-15,000001,11:29:03,11.1800,35,2
2026-04-15,000001,11:29:06,11.1800,619,2
2026-04-15,000001,11:29:09,11.1800,240,2
2026-04-15,000001,11:29:15,11.1800,280,2
2026-04-15,000001,11:29:18,11.1700,28,2
2026-04-15,000001,11:29:21,11.1800,1,1
2026-04-15,000001,11:29:24,11.1800,55,1
2026-04-15,000001,11:29:27,11.1700,61,2
2026-04-15,000001,11:29:33,11.1800,201,1
2026-04-15,000001,11:29:36,11.1700,50,2
2026-04-15,000001,11:29:39,11.1800,4,2
2026-04-15,000001,11:29:42,11.1800,26,2
2026-04-15,000001,11:29:45,11.1800,4,2
2026-04-15,000001,11:29:48,11.1800,10,2
2026-04-15,000001,11:29:57,11.1800,2,1
2026-04-15,000001,11:30:00,11.1800,30,1
2026-04-15,000001,13:00:00,11.1700,426,2
2026-04-15,000001,13:00:03,11.1800,2195,1
2026-04-15,000001,13:00:06,11.1700,115,2
2026-04-15,000001,13:00:09,11.1800,119,1
2026-04-15,000001,13:00:12,11.1800,46,1
2026-04-15,000001,13:00:15,11.1700,95,2
2026-04-15,000001,13:00:18,11.1800,49,1
2026-04-15,000001,13:00:21,11.1800,30,1
2026-04-15,000001,13:00:24,11.1800,21,1
2026-04-15,000001,13:00:27,11.1800,17,1
2026-04-15,000001,13:00:30,11.1800,5,1
2026-04-15,000001,13:00:33,11.1800,61,1
2026-04-15,000001,13:00:36,11.1800,17,1
2026-04-15,000001,13:00:39,11.1800,20,1
2026-04-15,000001,13:00:42,11.1800,149,1
2026-04-15,000001,13:00:45,11.1700,38,2
2026-04-15,000001,13:00:48,11.1700,228,2
2026-04-15,000001,13:00:51,11.1700,12,2
2026-04-15,000001,13:01:03,11.1700,1,2
2026-04-15,000001,13:01:09,11.1800,1,1
2026-04-15,000001,13:01:12,11.1700,29,2
2026-04-15,000001,13:01:15,11.1800,11,1
2026-04-15,000001,13:01:21,11.1700,11,2
2026-04-15,000001,13:01:24,11.1700,56,2
2026-04-15,000001,13:01:27,11.1800,1,1
2026-04-15,000001,13:01:30,11.1700,98,2
2026-04-15,000001,13:01:33,11.1700,1,2
2026-04-15,000001,13:01:36,11.1800,30,1
2026-04-15,000001,13:01:39,11.1800,21,1
2026-04-15,000001,13:02:00,11.1700,31,2
2026-04-15,000001,13:02:03,11.1800,27,1
2026-04-15,000001,13:02:06,11.1700,4,2
2026-04-15,000001,13:02:09,11.1800,2,1
2026-04-15,000001,13:02:15,11.1700,38,2
2026-04-15,000001,13:02:21,11.1700,42,2
2026-04-15,000001,13:02:33,11.1800,50,1
2026-04-15,000001,13:02:36,11.1800,27,1
2026-04-15,000001,13:02:39,11.1700,603,2
2026-04-15,000001,13:02:42,11.1800,390,1
2026-04-15,000001,13:02:45,11.1700,2,2
2026-04-15,000001,13:02:48,11.1800,11,1
2026-04-15,000001,13:02:51,11.1800,205,1
2026-04-15,000001,13:02:54,11.1800,197,2
2026-04-15,000001,13:02:57,11.1800,155,1
2026-04-15,000001,13:03:00,11.1700,16,2
2026-04-15,000001,13:03:06,11.1700,18,2
2026-04-15,000001,13:03:09,11.1700,64,2
2026-04-15,000001,13:03:12,11.1700,122,2
2026-04-15,000001,13:03:15,11.1700,38,2
2026-04-15,000001,13:03:18,11.1700,38,2
2026-04-15,000001,13:03:21,11.1800,35,1
2026-04-15,000001,13:03:24,11.1800,19,1
2026-04-15,000001,13:03:27,11.1800,18,1
2026-04-15,000001,13:03:33,11.1700,84,2
2026-04-15,000001,13:03:36,11.1800,44,1
2026-04-15,000001,13:03:39,11.1800,1,1
2026-04-15,000001,13:03:42,11.1800,39,1
2026-04-15,000001,13:03:45,11.1800,37,1
2026-04-15,000001,13:03:48,11.1800,46,1
2026-04-15,000001,13:03:57,11.1800,30,1
2026-04-15,000001,13:04:03,11.1800,22,1
2026-04-15,000001,13:04:06,11.1800,41,1
2026-04-15,000001,13:04:09,11.1800,201,1
2026-04-15,000001,13:04:12,11.1800,123,1
2026-04-15,000001,13:04:15,11.1700,10,2
2026-04-15,000001,13:04:18,11.1800,299,1
2026-04-15,000001,13:04:24,11.1700,28,2
2026-04-15,000001,13:04:30,11.1700,875,2
2026-04-15,000001,13:04:33,11.1700,34,2
2026-04-15,000001,13:04:36,11.1700,306,2
2026-04-15,000001,13:04:39,11.1700,281,2
2026-04-15,000001,13:04:42,11.1700,49,2
2026-04-15,000001,13:04:45,11.1800,608,1
2026-04-15,000001,13:04:48,11.1700,103,2
2026-04-15,000001,13:04:51,11.1800,18,1
2026-04-15,000001,13:04:54,11.1700,276,2
2026-04-15,000001,13:05:00,11.1700,60,2
2026-04-15,000001,13:05:06,11.1700,74,2
2026-04-15,000001,13:05:15,11.1700,10,2
2026-04-15,000001,13:05:18,11.1700,26,2
2026-04-15,000001,13:05:27,11.1700,83,2
2026-04-15,000001,13:05:30,11.1700,6,2
2026-04-15,000001,13:05:33,11.1800,29,1
2026-04-15,000001,13:05:39,11.1700,7,2
2026-04-15,000001,13:05:42,11.1800,35,1
2026-04-15,000001,13:05:45,11.1800,29,1
2026-04-15,000001,13:05:48,11.1800,41,1
2026-04-15,000001,13:05:51,11.1800,9,1
2026-04-15,000001,13:05:54,11.1800,12,1
2026-04-15,000001,13:06:00,11.1800,28,1
2026-04-15,000001,13:06:03,11.1700,5,2
2026-04-15,000001,13:06:06,11.1800,29,1
2026-04-15,000001,13:06:09,11.1800,56,1
2026-04-15,000001,13:06:12,11.1800,24,1
2026-04-15,000001,13:06:18,11.1800,38,1
2026-04-15,000001,13:06:24,11.1800,2,1
2026-04-15,000001,13:06:27,11.1700,19,2
2026-04-15,000001,13:06:30,11.1800,10,1
2026-04-15,000001,13:06:33,11.1800,32,1
2026-04-15,000001,13:06:36,11.1700,31,2
2026-04-15,000001,13:06:39,11.1700,1270,2
2026-04-15,000001,13:06:42,11.1700,49,2
2026-04-15,000001,13:06:45,11.1700,18,2
2026-04-15,000001,13:07:00,11.1700,25,2
2026-04-15,000001,13:07:03,11.1800,33,1
2026-04-15,000001,13:07:06,11.1700,25,2
2026-04-15,000001,13:07:09,11.1700,6,2
2026-04-15,000001,13:07:12,11.1700,7,2
2026-04-15,000001,13:07:15,11.1700,2,2
2026-04-15,000001,13:07:18,11.1700,31,2
2026-04-15,000001,13:07:21,11.1700,52,2
2026-04-15,000001,13:07:24,11.1700,57,2
2026-04-15,000001,13:07:27,11.1700,204,2
2026-04-15,000001,13:07:30,11.1700,9,2
2026-04-15,000001,13:07:33,11.1700,7,2
2026-04-15,000001,13:07:36,11.1700,21,2
2026-04-15,000001,13:07:39,11.1700,7,2
2026-04-15,000001,13:07:42,11.1700,427,2
2026-04-15,000001,13:07:45,11.1800,65,1
2026-04-15,000001,13:07:48,11.1800,855,1
2026-04-15,000001,13:07:51,11.1700,123,2
2026-04-15,000001,13:07:54,11.1800,42,1
2026-04-15,000001,13:07:57,11.1800,127,1
2026-04-15,000001,13:08:03,11.1700,44,2
2026-04-15,000001,13:08:06,11.1700,64,2
2026-04-15,000001,13:08:09,11.1700,63,2
2026-04-15,000001,13:08:12,11.1700,138,2
2026-04-15,000001,13:08:15,11.1700,22,2
2026-04-15,000001,13:08:18,11.1700,9,2
2026-04-15,000001,13:08:24,11.1800,17,1
2026-04-15,000001,13:08:27,11.1700,1,2
2026-04-15,000001,13:08:36,11.1800,28,1
2026-04-15,000001,13:08:42,11.1800,36,1
2026-04-15,000001,13:08:45,11.1800,38,1
2026-04-15,000001,13:08:51,11.1800,47,1
2026-04-15,000001,13:08:57,11.1700,86,2
2026-04-15,000001,13:09:03,11.1700,92,2
2026-04-15,000001,13:09:06,11.1800,45,1
2026-04-15,000001,13:09:09,11.1800,22,1
2026-04-15,000001,13:09:12,11.1800,37,1
2026-04-15,000001,13:09:18,11.1800,121,1
2026-04-15,000001,13:09:21,11.1800,185,1
2026-04-15,000001,13:09:24,11.1700,24,2
2026-04-15,000001,13:09:30,11.1800,41,1
2026-04-15,000001,13:09:33,11.1800,259,1
2026-04-15,000001,13:09:36,11.1800,59,1
2026-04-15,000001,13:09:39,11.1800,17,2
2026-04-15,000001,13:09:57,11.1900,24,1
2026-04-15,000001,13:10:00,11.1900,22,1
2026-04-15,000001,13:10:03,11.1900,49,1
2026-04-15,000001,13:10:06,11.1800,80,2
2026-04-15,000001,13:10:12,11.1800,1,2
2026-04-15,000001,13:10:15,11.1800,16,2
2026-04-15,000001,13:10:18,11.1900,19,1
2026-04-15,000001,13:10:30,11.1900,2,1
2026-04-15,000001,13:10:33,11.1900,58,1
2026-04-15,000001,13:10:39,11.1800,26,2
2026-04-15,000001,13:10:54,11.1800,660,2
2026-04-15,000001,13:10:57,11.1800,10,2
2026-04-15,000001,13:11:00,11.1800,5,2
2026-04-15,000001,13:11:09,11.1800,32,2
2026-04-15,000001,13:11:12,11.1800,47,2
2026-04-15,000001,13:11:15,11.1900,50,1
2026-04-15,000001,13:11:18,11.1800,68,2
2026-04-15,000001,13:11:21,11.1800,10,2
2026-04-15,000001,13:11:36,11.1800,36,2
2026-04-15,000001,13:11:39,11.1800,7,2
2026-04-15,000001,13:11:45,11.1900,76,1
2026-04-15,000001,13:11:48,11.1800,16,2
2026-04-15,000001,13:11:51,11.1800,20,2
2026-04-15,000001,13:11:54,11.1800,5,2
2026-04-15,000001,13:12:03,11.1900,1,1
2026-04-15,000001,13:12:06,11.1800,41,2
2026-04-15,000001,13:12:09,11.1800,3,2
2026-04-15,000001,13:12:18,11.1800,10,2
2026-04-15,000001,13:12:21,11.1800,41,2
2026-04-15,000001,13:12:24,11.1800,49,2
2026-04-15,000001,13:12:27,11.1800,37,2
2026-04-15,000001,13:12:30,11.1800,1,2
2026-04-15,000001,13:12:33,11.1800,23,2
2026-04-15,000001,13:12:36,11.1800,372,2
2026-04-15,000001,13:12:39,11.1800,32,1
2026-04-15,000001,13:12:42,11.1900,2,1
2026-04-15,000001,13:12:48,11.1800,10,2
2026-04-15,000001,13:12:51,11.1800,78,2
2026-04-15,000001,13:12:54,11.1900,4,1
2026-04-15,000001,13:13:00,11.1800,3,2
2026-04-15,000001,13:13:06,11.1800,196,2
2026-04-15,000001,13:13:09,11.1800,249,1
2026-04-15,000001,13:13:12,11.1800,10,2
2026-04-15,000001,13:13:18,11.1900,15,1
2026-04-15,000001,13:13:21,11.1800,10,2
2026-04-15,000001,13:13:24,11.1800,12,2
2026-04-15,000001,13:13:33,11.1800,18,2
2026-04-15,000001,13:13:39,11.1900,24,1
2026-04-15,000001,13:13:54,11.1800,137,2
2026-04-15,000001,13:13:57,11.1800,149,1
2026-04-15,000001,13:14:03,11.1900,33,1
2026-04-15,000001,13:14:06,11.1900,3,1
2026-04-15,000001,13:14:09,11.1800,58,2
2026-04-15,000001,13:14:12,11.1800,12,2
2026-04-15,000001,13:14:15,11.1800,5,1
2026-04-15,000001,13:14:18,11.1800,45,2
2026-04-15,000001,13:14:21,11.1900,80,1
2026-04-15,000001,13:14:24,11.1800,1,2
2026-04-15,000001,13:14:27,11.1800,67,2
2026-04-15,000001,13:14:30,11.1800,2,2
2026-04-15,000001,13:14:33,11.1900,21,1
2026-04-15,000001,13:14:42,11.1800,28,2
2026-04-15,000001,13:14:45,11.1800,20,2
2026-04-15,000001,13:14:48,11.1900,40,1
2026-04-15,000001,13:14:54,11.1800,3,2
2026-04-15,000001,13:14:57,11.1800,64,2
2026-04-15,000001,13:15:00,11.1800,66,2
2026-04-15,000001,13:15:03,11.1900,67,1
2026-04-15,000001,13:15:12,11.1900,20,1
2026-04-15,000001,13:15:18,11.1800,1,2
2026-04-15,000001,13:15:21,11.1800,128,2
2026-04-15,000001,13:15:24,11.1900,54,1
2026-04-15,000001,13:15:27,11.1800,36,2
2026-04-15,000001,13:15:30,11.1800,112,2
2026-04-15,000001,13:15:33,11.1800,31,2
2026-04-15,000001,13:15:36,11.1900,45,1
2026-04-15,000001,13:15:39,11.1800,5,2
2026-04-15,000001,13:15:42,11.1800,105,2
2026-04-15,000001,13:15:45,11.1800,4,2
2026-04-15,000001,13:15:48,11.1800,31,2
2026-04-15,000001,13:15:51,11.1900,48,1
2026-04-15,000001,13:15:54,11.1800,51,2
2026-04-15,000001,13:15:57,11.1900,30,1
2026-04-15,000001,13:16:03,11.1800,1,2
2026-04-15,000001,13:16:06,11.1800,35,2
2026-04-15,000001,13:16:09,11.1900,15,1
2026-04-15,000001,13:16:18,11.1800,6,2
2026-04-15,000001,13:16:21,11.1800,28,2
2026-04-15,000001,13:16:24,11.1900,14,1
2026-04-15,000001,13:16:30,11.1800,3,2
2026-04-15,000001,13:16:33,11.1800,28,2
2026-04-15,000001,13:16:42,11.1800,3,2
2026-04-15,000001,13:16:45,11.1800,33,2
2026-04-15,000001,13:16:51,11.1900,10,1
2026-04-15,000001,13:16:54,11.1800,50,2
2026-04-15,000001,13:17:00,11.1900,23,1
2026-04-15,000001,13:17:03,11.1900,26,1
2026-04-15,000001,13:17:06,11.1800,32,2
2026-04-15,000001,13:17:09,11.1800,33,2
2026-04-15,000001,13:17:12,11.1800,204,2
2026-04-15,000001,13:17:15,11.1900,131,1
2026-04-15,000001,13:17:18,11.1900,203,1
2026-04-15,000001,13:17:24,11.1900,106,1
2026-04-15,000001,13:17:30,11.1800,3,2
2026-04-15,000001,13:17:33,11.1800,3,2
2026-04-15,000001,13:17:51,11.1800,104,2
2026-04-15,000001,13:17:54,11.1800,150,2
2026-04-15,000001,13:17:57,11.1800,143,2
2026-04-15,000001,13:18:00,11.1900,38,1
2026-04-15,000001,13:18:03,11.1800,142,2
2026-04-15,000001,13:18:06,11.1800,107,2
2026-04-15,000001,13:18:09,11.1900,75,1
2026-04-15,000001,13:18:12,11.1800,140,2
2026-04-15,000001,13:18:18,11.1800,11,2
2026-04-15,000001,13:18:24,11.1900,21,1
2026-04-15,000001,13:18:30,11.1900,20,1
2026-04-15,000001,13:18:42,11.1900,32,1
2026-04-15,000001,13:18:45,11.1900,83,1
2026-04-15,000001,13:18:48,11.1900,88,1
2026-04-15,000001,13:18:51,11.1900,69,1
2026-04-15,000001,13:18:54,11.1900,37,1
2026-04-15,000001,13:18:57,11.1900,81,1
2026-04-15,000001,13:19:00,11.1900,35,1
2026-04-15,000001,13:19:03,11.1900,68,1
2026-04-15,000001,13:19:06,11.1900,164,1
2026-04-15,000001,13:19:09,11.1800,73,2
2026-04-15,000001,13:19:12,11.1900,102,1
2026-04-15,000001,13:19:15,11.1900,37,1
2026-04-15,000001,13:19:18,11.1800,228,2
2026-04-15,000001,13:19:21,11.1800,127,2
2026-04-15,000001,13:19:24,11.1900,75,1
2026-04-15,000001,13:19:27,11.1900,215,1
2026-04-15,000001,13:19:30,11.1900,184,1
2026-04-15,000001,13:19:33,11.1900,327,1
2026-04-15,000001,13:19:36,11.1900,209,1
2026-04-15,000001,13:19:39,11.1900,315,1
2026-04-15,000001,13:19:42,11.1900,125,1
2026-04-15,000001,13:19:45,11.1900,15,1
2026-04-15,000001,13:19:48,11.1900,205,1
2026-04-15,000001,13:19:51,11.1900,49,1
2026-04-15,000001,13:19:54,11.1900,179,1
2026-04-15,000001,13:19:57,11.1800,46,2
2026-04-15,000001,13:20:00,11.1900,118,1
2026-04-15,000001,13:20:03,11.1900,344,1
2026-04-15,000001,13:20:06,11.1800,75,2
2026-04-15,000001,13:20:09,11.1900,279,1
2026-04-15,000001,13:20:12,11.1900,202,2
2026-04-15,000001,13:20:15,11.1900,277,2
2026-04-15,000001,13:20:18,11.1900,68,2
2026-04-15,000001,13:20:21,11.2000,24,1
2026-04-15,000001,13:20:24,11.1900,54,2
2026-04-15,000001,13:20:27,11.1900,32,2
2026-04-15,000001,13:20:33,11.1900,27,2
2026-04-15,000001,13:20:36,11.1900,73,2
2026-04-15,000001,13:20:39,11.1900,109,2
2026-04-15,000001,13:20:42,11.1900,291,2
2026-04-15,000001,13:20:45,11.1900,133,2
2026-04-15,000001,13:20:48,11.1900,115,1
2026-04-15,000001,13:20:51,11.2000,63,1
2026-04-15,000001,13:20:54,11.1900,21,2
2026-04-15,000001,13:20:57,11.1900,30,2
2026-04-15,000001,13:21:00,11.1900,85,2
2026-04-15,000001,13:21:03,11.1900,26,1
2026-04-15,000001,13:21:06,11.1900,22,1
2026-04-15,000001,13:21:09,11.1800,1,2
2026-04-15,000001,13:21:12,11.1800,47,2
2026-04-15,000001,13:21:15,11.1900,5,1
2026-04-15,000001,13:21:18,11.1900,14,1
2026-04-15,000001,13:21:21,11.1800,63,2
2026-04-15,000001,13:21:27,11.1900,21,1
2026-04-15,000001,13:21:33,11.1900,33,1
2026-04-15,000001,13:21:36,11.1900,12,1
2026-04-15,000001,13:21:39,11.1900,20,1
2026-04-15,000001,13:21:42,11.1900,14,1
2026-04-15,000001,13:21:45,11.1900,58,1
2026-04-15,000001,13:21:48,11.1900,2,1
2026-04-15,000001,13:21:51,11.1800,9,2
2026-04-15,000001,13:21:54,11.1900,40,1
2026-04-15,000001,13:21:57,11.1800,21,2
2026-04-15,000001,13:22:00,11.1900,33,1
2026-04-15,000001,13:22:03,11.1800,21,2
2026-04-15,000001,13:22:06,11.1900,22,1
2026-04-15,000001,13:22:09,11.1900,1,1
2026-04-15,000001,13:22:12,11.1800,47,2
2026-04-15,000001,13:22:21,11.1900,31,1
2026-04-15,000001,13:22:27,11.1800,10,2
2026-04-15,000001,13:22:33,11.1900,50,1
2026-04-15,000001,13:22:36,11.1900,1,1
2026-04-15,000001,13:22:42,11.1900,55,1
2026-04-15,000001,13:22:45,11.1900,27,1
2026-04-15,000001,13:22:48,11.1900,54,1
2026-04-15,000001,13:22:51,11.1900,28,1
2026-04-15,000001,13:22:54,11.1900,27,1
2026-04-15,000001,13:23:00,11.1900,115,1
2026-04-15,000001,13:23:03,11.1900,27,1
2026-04-15,000001,13:23:06,11.1900,26,1
2026-04-15,000001,13:23:09,11.1900,61,1
2026-04-15,000001,13:23:12,11.1900,5,1
2026-04-15,000001,13:23:15,11.1900,44,1
2026-04-15,000001,13:23:18,11.1800,15,2
2026-04-15,000001,13:23:21,11.1800,122,2
2026-04-15,000001,13:23:24,11.1900,67,1
2026-04-15,000001,13:23:27,11.1900,18,1
2026-04-15,000001,13:23:30,11.1900,29,1
2026-04-15,000001,13:23:33,11.1800,30,2
2026-04-15,000001,13:23:36,11.1900,141,1
2026-04-15,000001,13:23:39,11.1900,23,1
2026-04-15,000001,13:23:51,11.1900,26,1
2026-04-15,000001,13:23:54,11.1800,71,2
2026-04-15,000001,13:23:57,11.1900,80,1
2026-04-15,000001,13:24:03,11.1900,24,1
2026-04-15,000001,13:24:09,11.1800,56,2
2026-04-15,000001,13:24:12,11.1800,110,2
2026-04-15,000001,13:24:15,11.1900,35,1
2026-04-15,000001,13:24:18,11.1900,131,1
2026-04-15,000001,13:24:21,11.1900,30,1
2026-04-15,000001,13:24:24,11.1900,73,1
2026-04-15,000001,13:24:27,11.1800,52,2
2026-04-15,000001,13:24:30,11.1800,212,2
2026-04-15,000001,13:24:33,11.1800,21,2
2026-04-15,000001,13:24:36,11.1800,48,2
2026-04-15,000001,13:24:39,11.1900,69,1
2026-04-15,000001,13:24:42,11.1900,65,1
2026-04-15,000001,13:24:45,11.1800,106,2
2026-04-15,000001,13:24:48,11.1900,54,1
2026-04-15,000001,13:24:51,11.1800,45,2
2026-04-15,000001,13:24:54,11.1800,1,2
2026-04-15,000001,13:24:57,11.1900,30,1
2026-04-15,000001,13:25:00,11.1800,29,2
2026-04-15,000001,13:25:03,11.1900,124,1
2026-04-15,000001,13:25:06,11.1800,118,2
2026-04-15,000001,13:25:09,11.1900,103,1
2026-04-15,000001,13:25:12,11.1800,73,2
2026-04-15,000001,13:25:15,11.1900,52,1
2026-04-15,000001,13:25:18,11.1900,16,1
2026-04-15,000001,13:25:21,11.1800,44,2
2026-04-15,000001,13:25:24,11.1900,62,1
2026-04-15,000001,13:25:27,11.1900,51,1
2026-04-15,000001,13:25:33,11.1900,13,1
2026-04-15,000001,13:25:39,11.1900,44,1
2026-04-15,000001,13:25:42,11.1900,33,1
2026-04-15,000001,13:25:45,11.1800,2,2
2026-04-15,000001,13:25:48,11.1900,68,1
2026-04-15,000001,13:25:54,11.1900,88,1
2026-04-15,000001,13:25:57,11.1800,81,2
2026-04-15,000001,13:26:00,11.1800,1,2
2026-04-15,000001,13:26:03,11.1900,26,1
2026-04-15,000001,13:26:06,11.1800,1,2
2026-04-15,000001,13:26:12,11.1900,9,1
2026-04-15,000001,13:26:15,11.1900,95,1
2026-04-15,000001,13:26:18,11.1900,807,1
2026-04-15,000001,13:26:21,11.1900,98,1
2026-04-15,000001,13:26:27,11.1900,66,1
2026-04-15,000001,13:26:33,11.1900,2,1
2026-04-15,000001,13:26:36,11.1800,1,2
2026-04-15,000001,13:26:39,11.1900,21,1
2026-04-15,000001,13:26:42,11.1800,105,2
2026-04-15,000001,13:26:45,11.1800,11,2
2026-04-15,000001,13:26:48,11.1800,38,2
2026-04-15,000001,13:26:54,11.1800,29,2
2026-04-15,000001,13:26:57,11.1800,5,2
2026-04-15,000001,13:27:09,11.1900,28,1
2026-04-15,000001,13:27:12,11.1900,15,1
2026-04-15,000001,13:27:15,11.1900,20,1
2026-04-15,000001,13:27:18,11.1900,44,1
2026-04-15,000001,13:27:21,11.1900,3,1
2026-04-15,000001,13:27:24,11.1900,28,1
2026-04-15,000001,13:27:27,11.1900,180,1
2026-04-15,000001,13:27:30,11.1900,11,1
2026-04-15,000001,13:27:33,11.1800,244,2
2026-04-15,000001,13:27:36,11.1900,17,1
2026-04-15,000001,13:27:39,11.1900,3,1
2026-04-15,000001,13:27:42,11.1800,4,2
2026-04-15,000001,13:27:51,11.1800,30,2
2026-04-15,000001,13:27:54,11.1900,12,1
2026-04-15,000001,13:28:00,11.1800,41,2
2026-04-15,000001,13:28:03,11.1900,164,1
2026-04-15,000001,13:28:12,11.1800,1,2
2026-04-15,000001,13:28:18,11.1900,48,1
2026-04-15,000001,13:28:21,11.1800,125,2
2026-04-15,000001,13:28:24,11.1900,24,1
2026-04-15,000001,13:28:27,11.1800,166,2
2026-04-15,000001,13:28:30,11.1800,24,2
2026-04-15,000001,13:28:33,11.1800,1,2
2026-04-15,000001,13:28:36,11.1800,8,2
2026-04-15,000001,13:28:39,11.1900,1,1
2026-04-15,000001,13:28:45,11.1900,2,1
2026-04-15,000001,13:28:48,11.1800,51,2
2026-04-15,000001,13:28:51,11.1800,100,2
2026-04-15,000001,13:28:54,11.1800,18,2
2026-04-15,000001,13:29:00,11.1900,1,1
2026-04-15,000001,13:29:06,11.1900,6,1
2026-04-15,000001,13:29:09,11.1900,1,1
2026-04-15,000001,13:29:12,11.1800,156,2
2026-04-15,000001,13:29:15,11.1800,79,2
2026-04-15,000001,13:29:18,11.1800,163,2
2026-04-15,000001,13:29:21,11.1800,142,2
2026-04-15,000001,13:29:24,11.1900,96,1
2026-04-15,000001,13:29:27,11.1900,13,1
2026-04-15,000001,13:29:33,11.1800,19,2
2026-04-15,000001,13:29:36,11.1800,91,2
2026-04-15,000001,13:29:39,11.1900,220,1
2026-04-15,000001,13:29:42,11.1900,71,1
2026-04-15,000001,13:29:45,11.1800,83,2
2026-04-15,000001,13:29:48,11.1900,20,1
2026-04-15,000001,13:29:51,11.1800,28,2
2026-04-15,000001,13:29:54,11.1900,2,1
2026-04-15,000001,13:29:57,11.1900,87,1
2026-04-15,000001,13:30:00,11.1900,10,1
2026-04-15,000001,13:30:03,11.1800,92,2
2026-04-15,000001,13:30:06,11.1800,183,2
2026-04-15,000001,13:30:09,11.1800,20,2
2026-04-15,000001,13:30:21,11.1800,26,2
2026-04-15,000001,13:30:24,11.1900,1,1
2026-04-15,000001,13:30:27,11.1800,1,2
2026-04-15,000001,13:30:36,11.1800,36,2
2026-04-15,000001,13:30:39,11.1800,5,2
2026-04-15,000001,13:30:45,11.1900,5,1
2026-04-15,000001,13:30:51,11.1800,592,2
2026-04-15,000001,13:30:54,11.1800,57,1
2026-04-15,000001,13:30:57,11.1800,4,2
2026-04-15,000001,13:31:00,11.1800,11,2
2026-04-15,000001,13:31:03,11.1900,113,1
2026-04-15,000001,13:31:06,11.1800,5,4
2026-04-15,000001,13:31:09,11.1900,126,1
2026-04-15,000001,13:31:12,11.1900,53,1
2026-04-15,000001,13:31:18,11.1900,12,1
2026-04-15,000001,13:31:27,11.1800,31,2
2026-04-15,000001,13:31:33,11.1700,19,2
2026-04-15,000001,13:31:36,11.1800,31,2
2026-04-15,000001,13:31:39,11.1800,43,1
2026-04-15,000001,13:31:42,11.1800,2,2
2026-04-15,000001,13:31:45,11.1800,2,4
2026-04-15,000001,13:31:48,11.1700,74,2
2026-04-15,000001,13:31:51,11.1800,3,1
2026-04-15,000001,13:31:54,11.1800,39,2
2026-04-15,000001,13:31:57,11.1800,8,2
2026-04-15,000001,13:32:00,11.1800,8,2
2026-04-15,000001,13:32:03,11.1800,223,2
2026-04-15,000001,13:32:06,11.1900,184,1
2026-04-15,000001,13:32:09,11.1800,32,4
2026-04-15,000001,13:32:12,11.1800,49,2
2026-04-15,000001,13:32:15,11.1800,93,1
2026-04-15,000001,13:32:18,11.1900,14,1
2026-04-15,000001,13:32:24,11.1800,5,4
2026-04-15,000001,13:32:27,11.1900,24,1
2026-04-15,000001,13:32:30,11.1800,65,4
2026-04-15,000001,13:32:33,11.1700,21,2
2026-04-15,000001,13:32:36,11.1800,3,4
2026-04-15,000001,13:32:39,11.1800,18,2
2026-04-15,000001,13:32:42,11.1800,12,1
2026-04-15,000001,13:32:45,11.1800,21,2
2026-04-15,000001,13:32:48,11.1900,33,1
2026-04-15,000001,13:32:51,11.1800,82,2
2026-04-15,000001,13:32:54,11.1900,48,1
2026-04-15,000001,13:32:57,11.1800,95,2
2026-04-15,000001,13:33:00,11.1800,2,2
2026-04-15,000001,13:33:03,11.1900,1,1
2026-04-15,000001,13:33:06,11.1800,45,2
2026-04-15,000001,13:33:12,11.1700,95,2
2026-04-15,000001,13:33:15,11.1900,32,1
2026-04-15,000001,13:33:18,11.1800,15,2
2026-04-15,000001,13:33:21,11.1900,12,1
2026-04-15,000001,13:33:24,11.1800,134,2
2026-04-15,000001,13:33:27,11.1800,44,2
2026-04-15,000001,13:33:30,11.1800,70,2
2026-04-15,000001,13:33:33,11.1800,30,2
2026-04-15,000001,13:33:36,11.1800,2,2
2026-04-15,000001,13:33:39,11.1800,151,1
2026-04-15,000001,13:33:42,11.1800,41,2
2026-04-15,000001,13:33:45,11.1800,65,2
2026-04-15,000001,13:33:48,11.1800,43,1
2026-04-15,000001,13:33:51,11.1800,46,2
2026-04-15,000001,13:33:54,11.1800,7,1
2026-04-15,000001,13:33:57,11.1800,18,1
2026-04-15,000001,13:34:00,11.1800,10,2
2026-04-15,000001,13:34:03,11.1800,46,2
2026-04-15,000001,13:34:06,11.1800,76,2
2026-04-15,000001,13:34:12,11.1800,9,2
2026-04-15,000001,13:34:15,11.1800,97,2
2026-04-15,000001,13:34:18,11.1800,6,1
2026-04-15,000001,13:34:24,11.1800,86,2
2026-04-15,000001,13:34:27,11.1800,1,2
2026-04-15,000001,13:34:33,11.1900,108,1
2026-04-15,000001,13:34:36,11.1800,65,2
2026-04-15,000001,13:34:39,11.1800,99,1
2026-04-15,000001,13:34:42,11.1700,28,2
2026-04-15,000001,13:34:45,11.1800,43,1
2026-04-15,000001,13:34:48,11.1800,37,1
2026-04-15,000001,13:34:54,11.1700,56,2
2026-04-15,000001,13:34:57,11.1800,5,2
2026-04-15,000001,13:35:03,11.1800,33,2
2026-04-15,000001,13:35:06,11.1800,116,2
2026-04-15,000001,13:35:09,11.1800,45,1
2026-04-15,000001,13:35:12,11.1800,13,1
2026-04-15,000001,13:35:15,11.1800,37,1
2026-04-15,000001,13:35:18,11.1800,20,1
2026-04-15,000001,13:35:21,11.1800,12,1
2026-04-15,000001,13:35:24,11.1700,6,2
2026-04-15,000001,13:35:27,11.1800,14,1
2026-04-15,000001,13:35:30,11.1800,13,1
2026-04-15,000001,13:35:33,11.1900,100,1
2026-04-15,000001,13:35:36,11.1800,113,2
2026-04-15,000001,13:35:39,11.1800,886,2
2026-04-15,000001,13:35:42,11.1700,146,2
2026-04-15,000001,13:35:48,11.1800,8,1
2026-04-15,000001,13:35:51,11.1800,5,1
2026-04-15,000001,13:35:54,11.1900,17,1
2026-04-15,000001,13:35:57,11.1800,90,4
2026-04-15,000001,13:36:03,11.1900,48,1
2026-04-15,000001,13:36:06,11.1900,156,1
2026-04-15,000001,13:36:09,11.1800,79,4
2026-04-15,000001,13:36:12,11.1800,4,2
2026-04-15,000001,13:36:15,11.1800,105,2
2026-04-15,000001,13:36:33,11.1800,192,2
2026-04-15,000001,13:36:36,11.1800,8,2
2026-04-15,000001,13:36:48,11.1900,20,1
2026-04-15,000001,13:36:54,11.1800,9,2
2026-04-15,000001,13:37:00,11.1900,16,1
2026-04-15,000001,13:37:03,11.1800,1,2
2026-04-15,000001,13:37:12,11.1800,100,2
2026-04-15,000001,13:37:15,11.1900,14,1
2026-04-15,000001,13:37:18,11.1800,1,2
2026-04-15,000001,13:37:21,11.1900,22,1
2026-04-15,000001,13:37:24,11.1800,1,2
2026-04-15,000001,13:37:27,11.1800,5,2
2026-04-15,000001,13:37:30,11.1800,5,2
2026-04-15,000001,13:37:36,11.1800,5,2
2026-04-15,000001,13:37:42,11.1800,6,2
2026-04-15,000001,13:37:45,11.1800,122,2
2026-04-15,000001,13:37:48,11.1900,121,1
2026-04-15,000001,13:37:51,11.1800,140,2
2026-04-15,000001,13:37:54,11.1900,37,1
2026-04-15,000001,13:37:57,11.1800,52,2
2026-04-15,000001,13:38:00,11.1900,15,1
2026-04-15,000001,13:38:03,11.1900,16,1
2026-04-15,000001,13:38:09,11.1900,212,1
2026-04-15,000001,13:38:12,11.1800,150,2
2026-04-15,000001,13:38:15,11.1900,138,1
2026-04-15,000001,13:38:18,11.1900,76,1
2026-04-15,000001,13:38:21,11.1900,26,1
2026-04-15,000001,13:38:24,11.1800,14,2
2026-04-15,000001,13:38:27,11.1800,41,2
2026-04-15,000001,13:38:30,11.1800,15,2
2026-04-15,000001,13:38:33,11.1900,26,1
2026-04-15,000001,13:38:36,11.1900,35,1
2026-04-15,000001,13:38:39,11.1900,10,1
2026-04-15,000001,13:38:48,11.1800,23,2
2026-04-15,000001,13:38:51,11.1800,11,2
2026-04-15,000001,13:38:54,11.1800,20,2
2026-04-15,000001,13:39:03,11.1900,20,1
2026-04-15,000001,13:39:06,11.1800,16,2
2026-04-15,000001,13:39:09,11.1900,16,1
2026-04-15,000001,13:39:12,11.1800,1,2
2026-04-15,000001,13:39:18,11.1900,17,1
2026-04-15,000001,13:39:36,11.1800,38,2
2026-04-15,000001,13:39:39,11.1800,5,2
2026-04-15,000001,13:39:42,11.1800,1,2
2026-04-15,000001,13:39:48,11.1900,22,1
2026-04-15,000001,13:39:51,11.1800,106,2
2026-04-15,000001,13:39:54,11.1900,26,1
2026-04-15,000001,13:40:00,11.1900,12,1
2026-04-15,000001,13:40:03,11.1900,22,1
2026-04-15,000001,13:40:24,11.1800,28,2
2026-04-15,000001,13:40:30,11.1800,3,2
2026-04-15,000001,13:40:36,11.1800,21,2
2026-04-15,000001,13:40:39,11.1800,17,2
2026-04-15,000001,13:40:45,11.1900,6,1
2026-04-15,000001,13:40:57,11.1800,27,2
2026-04-15,000001,13:41:03,11.1800,6,2
2026-04-15,000001,13:41:06,11.1800,6,2
2026-04-15,000001,13:41:15,11.1800,2,2
2026-04-15,000001,13:41:18,11.1900,62,1
2026-04-15,000001,13:41:21,11.1800,12,2
2026-04-15,000001,13:41:27,11.1900,10,1
2026-04-15,000001,13:41:36,11.1900,3,1
2026-04-15,000001,13:41:42,11.1900,1,1
2026-04-15,000001,13:41:45,11.1900,9,1
2026-04-15,000001,13:41:51,11.1900,77,1
2026-04-15,000001,13:41:57,11.1900,29,1
2026-04-15,000001,13:42:00,11.1900,49,1
2026-04-15,000001,13:42:03,11.1800,20,2
2026-04-15,000001,13:42:06,11.1900,57,1
2026-04-15,000001,13:42:09,11.1800,30,2
2026-04-15,000001,13:42:12,11.1900,32,1
2026-04-15,000001,13:42:15,11.1900,4,1
2026-04-15,000001,13:42:18,11.1900,37,1
2026-04-15,000001,13:42:21,11.1800,2,2
2026-04-15,000001,13:42:24,11.1800,10,2
2026-04-15,000001,13:42:30,11.1900,33,1
2026-04-15,000001,13:42:36,11.1800,3,2
2026-04-15,000001,13:42:39,11.1900,136,1
2026-04-15,000001,13:42:45,11.1800,1,2
2026-04-15,000001,13:42:48,11.1800,4,2
2026-04-15,000001,13:42:51,11.1800,28,2
2026-04-15,000001,13:42:57,11.1900,63,1
2026-04-15,000001,13:43:03,11.1800,5,2
2026-04-15,000001,13:43:09,11.1800,235,2
2026-04-15,000001,13:43:12,11.1900,18,1
2026-04-15,000001,13:43:15,11.1800,15,2
2026-04-15,000001,13:43:18,11.1800,513,2
2026-04-15,000001,13:43:21,11.1900,472,1
2026-04-15,000001,13:43:24,11.1900,133,1
2026-04-15,000001,13:43:27,11.1800,49,2
2026-04-15,000001,13:43:30,11.1800,25,2
2026-04-15,000001,13:43:33,11.1800,2,2
2026-04-15,000001,13:43:36,11.1800,22,2
2026-04-15,000001,13:43:42,11.1900,1,1
2026-04-15,000001,13:43:51,11.1900,146,1
2026-04-15,000001,13:43:54,11.1800,29,2
2026-04-15,000001,13:44:00,11.1800,28,2
2026-04-15,000001,13:44:03,11.1900,284,1
2026-04-15,000001,13:44:06,11.1900,46,1
2026-04-15,000001,13:44:09,11.1800,2,2
2026-04-15,000001,13:44:12,11.1900,9,1
2026-04-15,000001,13:44:18,11.1900,2907,1
2026-04-15,000001,13:44:21,11.1900,32,2
2026-04-15,000001,13:44:24,11.2000,1,1
2026-04-15,000001,13:44:27,11.1900,1,2
2026-04-15,000001,13:44:30,11.1900,1,2
2026-04-15,000001,13:44:36,11.1900,1,2
2026-04-15,000001,13:44:39,11.2000,2,1
2026-04-15,000001,13:44:45,11.2000,2,1
2026-04-15,000001,13:44:48,11.2000,90,1
2026-04-15,000001,13:44:54,11.1900,15,2
2026-04-15,000001,13:44:57,11.2000,30,1
2026-04-15,000001,13:45:00,11.2000,48,1
2026-04-15,000001,13:45:03,11.2000,47,1
2026-04-15,000001,13:45:06,11.1900,371,2
2026-04-15,000001,13:45:09,11.2000,180,1
2026-04-15,000001,13:45:15,11.2000,29,1
2026-04-15,000001,13:45:27,11.1900,75,2
2026-04-15,000001,13:45:39,11.2000,4,1
2026-04-15,000001,13:45:45,11.2000,21,1
2026-04-15,000001,13:45:51,11.1900,58,2
2026-04-15,000001,13:45:54,11.2000,14,1
2026-04-15,000001,13:45:57,11.2000,33,1
2026-04-15,000001,13:46:03,11.2000,44,1
2026-04-15,000001,13:46:09,11.2000,50,1
2026-04-15,000001,13:46:12,11.1900,80,2
2026-04-15,000001,13:46:18,11.1900,15,2
2026-04-15,000001,13:46:21,11.2000,31,1
2026-04-15,000001,13:46:24,11.1900,427,2
2026-04-15,000001,13:46:27,11.2000,66,1
2026-04-15,000001,13:46:30,11.2000,5,1
2026-04-15,000001,13:46:33,11.1900,28,2
2026-04-15,000001,13:46:42,11.1900,124,2
2026-04-15,000001,13:46:45,11.1900,53,2
2026-04-15,000001,13:46:48,11.1900,97,2
2026-04-15,000001,13:46:51,11.2000,96,1
2026-04-15,000001,13:46:54,11.2000,21,1
2026-04-15,000001,13:47:00,11.2000,6,1
2026-04-15,000001,13:47:06,11.1900,26,2
2026-04-15,000001,13:47:09,11.1900,76,2
2026-04-15,000001,13:47:21,11.1900,2,2
2026-04-15,000001,13:47:24,11.1900,80,2
2026-04-15,000001,13:47:30,11.2000,12,1
2026-04-15,000001,13:47:33,11.2000,45,1
2026-04-15,000001,13:47:39,11.1900,10,2
2026-04-15,000001,13:47:45,11.1900,209,2
2026-04-15,000001,13:47:48,11.1900,122,2
2026-04-15,000001,13:47:54,11.1900,36,2
2026-04-15,000001,13:48:00,11.1900,32,2
2026-04-15,000001,13:48:03,11.1900,162,2
2026-04-15,000001,13:48:06,11.1900,49,2
2026-04-15,000001,13:48:09,11.1900,6,2
2026-04-15,000001,13:48:21,11.1900,1,2
2026-04-15,000001,13:48:24,11.1900,97,2
2026-04-15,000001,13:48:27,11.1900,201,2
2026-04-15,000001,13:48:30,11.1900,1,2
2026-04-15,000001,13:48:33,11.2000,39,1
2026-04-15,000001,13:48:39,11.1900,1,2
2026-04-15,000001,13:48:45,11.2000,34,1
2026-04-15,000001,13:48:48,11.1900,54,2
2026-04-15,000001,13:48:51,11.1900,118,2
2026-04-15,000001,13:48:54,11.2000,96,1
2026-04-15,000001,13:48:57,11.1900,130,2
2026-04-15,000001,13:49:00,11.1900,153,2
2026-04-15,000001,13:49:03,11.1900,102,2
2026-04-15,000001,13:49:06,11.2000,97,1
2026-04-15,000001,13:49:12,11.2000,40,1
2026-04-15,000001,13:49:15,11.2000,50,1
2026-04-15,000001,13:49:18,11.2000,5,1
2026-04-15,000001,13:49:21,11.1900,5,2
2026-04-15,000001,13:49:45,11.2000,13,1
2026-04-15,000001,13:49:48,11.1900,35,2
2026-04-15,000001,13:49:51,11.1900,22,2
2026-04-15,000001,13:49:57,11.1900,20,2
2026-04-15,000001,13:50:03,11.1900,104,2
2026-04-15,000001,13:50:06,11.1900,8,2
2026-04-15,000001,13:50:12,11.2000,18,1
2026-04-15,000001,13:50:15,11.1900,379,2
2026-04-15,000001,13:50:18,11.1900,5,2
2026-04-15,000001,13:50:21,11.2000,51,1
2026-04-15,000001,13:50:24,11.1900,32,2
2026-04-15,000001,13:50:30,11.2000,72,1
2026-04-15,000001,13:50:33,11.1900,5,2
2026-04-15,000001,13:50:39,11.1900,44,2
2026-04-15,000001,13:50:42,11.2000,24,1
2026-04-15,000001,13:50:45,11.1900,446,2
2026-04-15,000001,13:50:48,11.1900,98,2
2026-04-15,000001,13:50:51,11.1900,20,2
2026-04-15,000001,13:50:54,11.1900,20,2
2026-04-15,000001,13:50:57,11.1900,1,2
2026-04-15,000001,13:51:00,11.1900,211,2
2026-04-15,000001,13:51:03,11.1900,30,2
2026-04-15,000001,13:51:06,11.1900,1027,2
2026-04-15,000001,13:51:09,11.1900,98,1
2026-04-15,000001,13:51:12,11.1900,33,1
2026-04-15,000001,13:51:15,11.1900,8,1
2026-04-15,000001,13:51:18,11.1800,28,2
2026-04-15,000001,13:51:24,11.1900,30,1
2026-04-15,000001,13:51:30,11.1900,55,1
2026-04-15,000001,13:51:33,11.1900,44,1
2026-04-15,000001,13:51:36,11.1900,783,1
2026-04-15,000001,13:51:39,11.1900,66,1
2026-04-15,000001,13:51:42,11.1900,104,2
2026-04-15,000001,13:51:45,11.1900,82,1
2026-04-15,000001,13:51:48,11.1900,40,2
2026-04-15,000001,13:51:51,11.1900,21,1
2026-04-15,000001,13:51:54,11.1800,25,2
2026-04-15,000001,13:51:57,11.1900,94,1
2026-04-15,000001,13:52:00,11.1900,44,1
2026-04-15,000001,13:52:03,11.1900,19,1
2026-04-15,000001,13:52:06,11.1900,41,1
2026-04-15,000001,13:52:09,11.1900,8,1
2026-04-15,000001,13:52:12,11.1900,43,1
2026-04-15,000001,13:52:15,11.1900,52,1
2026-04-15,000001,13:52:18,11.1900,15,1
2026-04-15,000001,13:52:21,11.1900,6,1
2026-04-15,000001,13:52:24,11.1900,67,1
2026-04-15,000001,13:52:27,11.1900,6,1
2026-04-15,000001,13:52:30,11.1900,4,1
2026-04-15,000001,13:52:33,11.1900,3,1
2026-04-15,000001,13:52:36,11.1900,18,1
2026-04-15,000001,13:52:42,11.1800,83,2
2026-04-15,000001,13:52:45,11.1800,71,2
2026-04-15,000001,13:52:48,11.1800,22,2
2026-04-15,000001,13:52:54,11.1800,10,2
2026-04-15,000001,13:52:57,11.1900,5,1
2026-04-15,000001,13:53:03,11.1900,32,1
2026-04-15,000001,13:53:09,11.1900,29,1
2026-04-15,000001,13:53:12,11.1900,211,1
2026-04-15,000001,13:53:18,11.1800,480,2
2026-04-15,000001,13:53:21,11.1800,3966,2
2026-04-15,000001,13:53:24,11.1800,26,2
2026-04-15,000001,13:53:36,11.1800,6,2
2026-04-15,000001,13:53:39,11.1800,9,2
2026-04-15,000001,13:53:45,11.1800,17,2
2026-04-15,000001,13:53:54,11.1800,25,2
2026-04-15,000001,13:53:57,11.1800,123,2
2026-04-15,000001,13:54:00,11.1900,30,1
2026-04-15,000001,13:54:03,11.1900,28,1
2026-04-15,000001,13:54:06,11.1800,1,2
2026-04-15,000001,13:54:09,11.1800,2,2
2026-04-15,000001,13:54:12,11.1800,4,2
2026-04-15,000001,13:54:18,11.1800,38,2
2026-04-15,000001,13:54:21,11.1800,51,2
2026-04-15,000001,13:54:24,11.1800,136,2
2026-04-15,000001,13:54:27,11.1900,48,1
2026-04-15,000001,13:54:30,11.1800,5,2
2026-04-15,000001,13:54:33,11.1900,33,1
2026-04-15,000001,13:54:42,11.1800,4,2
2026-04-15,000001,13:54:51,11.1800,13,2
2026-04-15,000001,13:54:57,11.1800,20,2
2026-04-15,000001,13:55:00,11.1800,71,2
2026-04-15,000001,13:55:03,11.1800,32,2
2026-04-15,000001,13:55:06,11.1900,189,1
2026-04-15,000001,13:55:09,11.1900,21,1
2026-04-15,000001,13:55:21,11.1800,26,2
2026-04-15,000001,13:55:24,11.1900,45,1
2026-04-15,000001,13:55:30,11.1900,58,1
2026-04-15,000001,13:55:33,11.1800,32,2
2026-04-15,000001,13:55:39,11.1900,62,1
2026-04-15,000001,13:55:42,11.1900,1,1
2026-04-15,000001,13:55:45,11.1800,32,2
2026-04-15,000001,13:55:48,11.1900,38,1
2026-04-15,000001,13:55:51,11.1900,54,1
2026-04-15,000001,13:55:57,11.1800,2,2
2026-04-15,000001,13:56:12,11.1800,100,2
2026-04-15,000001,13:56:18,11.1900,51,1
2026-04-15,000001,13:56:24,11.1800,80,2
2026-04-15,000001,13:56:27,11.1800,25,2
2026-04-15,000001,13:56:30,11.1900,23,1
2026-04-15,000001,13:56:33,11.1900,47,1
2026-04-15,000001,13:56:36,11.1800,2,2
2026-04-15,000001,13:56:42,11.1800,6,2
2026-04-15,000001,13:56:45,11.1900,1,1
2026-04-15,000001,13:56:48,11.1800,22,2
2026-04-15,000001,13:56:51,11.1800,152,2
2026-04-15,000001,13:56:54,11.1800,40,2
2026-04-15,000001,13:56:57,11.1800,7,2
2026-04-15,000001,13:57:00,11.1800,3,2
2026-04-15,000001,13:57:06,11.1800,35,2
2026-04-15,000001,13:57:09,11.1800,122,2
2026-04-15,000001,13:57:12,11.1900,23,1
2026-04-15,000001,13:57:30,11.1800,39,2
2026-04-15,000001,13:57:33,11.1800,110,2
2026-04-15,000001,13:57:36,11.1900,61,1
2026-04-15,000001,13:57:39,11.1800,44,2
2026-04-15,000001,13:57:42,11.1800,28,2
2026-04-15,000001,13:57:45,11.1800,51,2
2026-04-15,000001,13:57:48,11.1800,6,2
2026-04-15,000001,13:57:51,11.1800,3,2
2026-04-15,000001,13:57:54,11.1800,22,2
2026-04-15,000001,13:57:57,11.1900,42,1
2026-04-15,000001,13:58:00,11.1800,6,2
2026-04-15,000001,13:58:06,11.1900,11,1
2026-04-15,000001,13:58:09,11.1900,49,1
2026-04-15,000001,13:58:12,11.1900,9,1
2026-04-15,000001,13:58:15,11.1900,87,1
2026-04-15,000001,13:58:18,11.1900,771,1
2026-04-15,000001,13:58:24,11.1900,28,1
2026-04-15,000001,13:58:27,11.1900,74,1
2026-04-15,000001,13:58:30,11.1800,21,2
2026-04-15,000001,13:58:33,11.1900,53,1
2026-04-15,000001,13:58:36,11.1800,12,2
2026-04-15,000001,13:58:39,11.1900,83,1
2026-04-15,000001,13:58:42,11.1800,109,2
2026-04-15,000001,13:58:48,11.1900,62,1
2026-04-15,000001,13:58:51,11.1900,43,1
2026-04-15,000001,13:58:54,11.1900,103,1
2026-04-15,000001,13:58:57,11.1800,186,2
2026-04-15,000001,13:59:00,11.1800,123,2
2026-04-15,000001,13:59:03,11.1900,35,1
2026-04-15,000001,13:59:06,11.1900,36,1
2026-04-15,000001,13:59:09,11.1800,62,2
2026-04-15,000001,13:59:12,11.1900,116,1
2026-04-15,000001,13:59:15,11.1900,39,1
2026-04-15,000001,13:59:18,11.1800,1002,2
2026-04-15,000001,13:59:24,11.1800,2,2
2026-04-15,000001,13:59:33,11.1900,8,1
2026-04-15,000001,13:59:36,11.1800,4,2
2026-04-15,000001,13:59:39,11.1800,75,2
2026-04-15,000001,13:59:42,11.1800,1023,2
2026-04-15,000001,13:59:45,11.1800,10,2
2026-04-15,000001,13:59:48,11.1900,2642,1
2026-04-15,000001,13:59:51,11.1900,33,2
2026-04-15,000001,13:59:54,11.1900,9,2
2026-04-15,000001,13:59:57,11.2000,260,1
2026-04-15,000001,14:00:00,11.2000,1,1
2026-04-15,000001,14:00:03,11.2000,292,1
2026-04-15,000001,14:00:06,11.1900,2,2
2026-04-15,000001,14:00:09,11.1900,181,2
2026-04-15,000001,14:00:12,11.1900,269,2
2026-04-15,000001,14:00:15,11.1900,29,2
2026-04-15,000001,14:00:18,11.2000,132,1
2026-04-15,000001,14:00:24,11.1900,6,2
2026-04-15,000001,14:00:27,11.1900,1057,2
2026-04-15,000001,14:00:30,11.1800,62,2
2026-04-15,000001,14:00:39,11.1800,29,2
2026-04-15,000001,14:00:45,11.1800,3,2
2026-04-15,000001,14:00:51,11.1800,19,2
2026-04-15,000001,14:00:54,11.1800,1,2
2026-04-15,000001,14:00:57,11.1900,13,1
2026-04-15,000001,14:01:00,11.1900,44,1
2026-04-15,000001,14:01:03,11.1800,64,2
2026-04-15,000001,14:01:06,11.1900,82,1
2026-04-15,000001,14:01:09,11.1800,2,2
2026-04-15,000001,10:18:12,11.2200,12,1
2026-04-15,000001,10:18:18,11.2100,198,2
2026-04-15,000001,10:18:24,11.2200,232,1
2026-04-15,000001,10:18:30,11.2200,31,1
2026-04-15,000001,10:18:36,11.2200,31,1
2026-04-15,000001,10:18:39,11.2100,5,2
2026-04-15,000001,10:18:42,11.2200,29,1
2026-04-15,000001,10:18:45,11.2200,41,1
2026-04-15,000001,10:18:48,11.2200,26,1
2026-04-15,000001,10:18:51,11.2100,1,2
2026-04-15,000001,10:18:54,11.2100,168,2
2026-04-15,000001,10:18:57,11.2200,92,1
2026-04-15,000001,10:19:00,11.2100,11,2
2026-04-15,000001,10:19:03,11.2200,75,1
2026-04-15,000001,10:19:06,11.2200,25,1
2026-04-15,000001,10:19:09,11.2200,10,1
2026-04-15,000001,10:19:12,11.2100,33,2
2026-04-15,000001,10:19:15,11.2200,17,1
2026-04-15,000001,10:19:18,11.2100,43,2
2026-04-15,000001,10:19:21,11.2200,1,1
2026-04-15,000001,10:19:27,11.2200,102,1
2026-04-15,000001,10:19:30,11.2100,63,2
2026-04-15,000001,10:19:33,11.2100,34,2
2026-04-15,000001,10:19:39,11.2100,67,2
2026-04-15,000001,10:19:42,11.2100,20,2
2026-04-15,000001,10:19:45,11.2200,23,1
2026-04-15,000001,10:19:51,11.2200,1,1
2026-04-15,000001,10:19:54,11.2100,101,2
2026-04-15,000001,10:19:57,11.2100,10,2
2026-04-15,000001,10:20:00,11.2100,64,2
2026-04-15,000001,10:20:06,11.2100,198,2
2026-04-15,000001,10:20:09,11.2100,70,2
2026-04-15,000001,10:20:15,11.2200,130,1
2026-04-15,000001,10:20:18,11.2100,10,2
2026-04-15,000001,10:20:21,11.2100,63,2
2026-04-15,000001,10:20:24,11.2200,9,1
2026-04-15,000001,10:20:27,11.2200,9,1
2026-04-15,000001,10:20:30,11.2100,5,2
2026-04-15,000001,10:20:33,11.2100,21,2
2026-04-15,000001,10:20:39,11.2200,30,1
2026-04-15,000001,10:20:42,11.2100,155,2
2026-04-15,000001,10:20:48,11.2200,18,1
2026-04-15,000001,10:20:51,11.2200,131,1
2026-04-15,000001,10:20:54,11.2100,86,2
2026-04-15,000001,10:20:57,11.2200,86,1
2026-04-15,000001,10:21:03,11.2100,27,2
2026-04-15,000001,10:21:06,11.2200,23,1
2026-04-15,000001,10:21:09,11.2200,549,1
2026-04-15,000001,10:21:12,11.2200,305,1
2026-04-15,000001,10:21:18,11.2200,8,1
2026-04-15,000001,10:21:21,11.2200,97,1
2026-04-15,000001,10:21:24,11.2100,48,2
2026-04-15,000001,10:21:27,11.2200,23,1
2026-04-15,000001,10:21:30,11.2100,10,2
2026-04-15,000001,10:21:33,11.2200,10,1
2026-04-15,000001,10:21:36,11.2100,27,2
2026-04-15,000001,10:21:42,11.2200,41,1
2026-04-15,000001,10:21:45,11.2100,69,2
2026-04-15,000001,10:21:48,11.2200,60,1
2026-04-15,000001,10:21:51,11.2100,61,2
2026-04-15,000001,10:21:54,11.2100,92,2
2026-04-15,000001,10:21:57,11.2200,79,1
2026-04-15,000001,10:22:00,11.2100,79,2
2026-04-15,000001,10:22:03,11.2100,12,2
2026-04-15,000001,10:22:06,11.2200,48,1
2026-04-15,000001,10:22:09,11.2200,110,1
2026-04-15,000001,10:22:12,11.2100,118,2
2026-04-15,000001,10:22:15,11.2100,8,2
2026-04-15,000001,10:22:18,11.2200,30,1
2026-04-15,000001,10:22:21,11.2200,32,1
2026-04-15,000001,10:22:24,11.2100,184,2
2026-04-15,000001,10:22:27,11.2200,11,1
2026-04-15,000001,10:22:30,11.2100,21,2
2026-04-15,000001,10:22:33,11.2200,136,1
2026-04-15,000001,10:22:36,11.2100,235,2
2026-04-15,000001,10:22:39,11.2200,70,1
2026-04-15,000001,10:22:48,11.2200,11,1
2026-04-15,000001,10:22:54,11.2200,20,1
2026-04-15,000001,10:22:57,11.2100,4,2
2026-04-15,000001,10:23:00,11.2200,42,1
2026-04-15,000001,10:23:03,11.2200,275,1
2026-04-15,000001,10:23:09,11.2200,44,1
2026-04-15,000001,10:23:12,11.2100,1,2
2026-04-15,000001,10:23:15,11.2200,30,1
2026-04-15,000001,10:23:18,11.2100,17,2
2026-04-15,000001,10:23:21,11.2200,48,1
2026-04-15,000001,10:23:24,11.2200,29,1
2026-04-15,000001,10:23:27,11.2100,50,2
2026-04-15,000001,10:23:30,11.2200,55,1
2026-04-15,000001,10:23:33,11.2100,17,2
2026-04-15,000001,10:23:36,11.2200,27,1
2026-04-15,000001,10:23:39,11.2200,124,1
2026-04-15,000001,10:23:42,11.2100,28,2
2026-04-15,000001,10:23:45,11.2200,5,1
2026-04-15,000001,10:23:48,11.2200,40,1
2026-04-15,000001,10:23:51,11.2100,150,2
2026-04-15,000001,10:23:54,11.2100,50,2
2026-04-15,000001,10:23:57,11.2200,1,1
2026-04-15,000001,10:24:00,11.2200,516,1
2026-04-15,000001,10:24:03,11.2100,50,2
2026-04-15,000001,10:24:06,11.2100,14,2
2026-04-15,000001,10:24:09,11.2200,267,1
2026-04-15,000001,10:24:12,11.2200,122,1
2026-04-15,000001,10:24:15,11.2200,48,1
2026-04-15,000001,10:24:18,11.2200,104,1
2026-04-15,000001,10:24:21,11.2200,37,1
2026-04-15,000001,10:24:24,11.2200,15,1
2026-04-15,000001,10:24:27,11.2200,83,1
2026-04-15,000001,10:24:30,11.2200,84,1
2026-04-15,000001,10:24:33,11.2200,169,1
2026-04-15,000001,10:24:36,11.2200,25,1
2026-04-15,000001,10:24:39,11.2100,11,2
2026-04-15,000001,10:24:42,11.2200,55,1
2026-04-15,000001,10:24:45,11.2200,46,1
2026-04-15,000001,10:24:48,11.2200,109,1
2026-04-15,000001,10:24:51,11.2100,93,2
2026-04-15,000001,10:24:54,11.2100,53,2
2026-04-15,000001,10:24:57,11.2200,22,1
2026-04-15,000001,10:25:00,11.2200,9,1
2026-04-15,000001,10:25:03,11.2200,47,1
2026-04-15,000001,10:25:06,11.2100,60,2
2026-04-15,000001,10:25:09,11.2100,1,2
2026-04-15,000001,10:25:15,11.2100,10,2
2026-04-15,000001,10:25:18,11.2200,7,1
2026-04-15,000001,10:25:21,11.2100,30,2
2026-04-15,000001,10:25:24,11.2200,81,1
2026-04-15,000001,10:25:27,11.2100,266,2
2026-04-15,000001,10:25:30,11.2200,89,1
2026-04-15,000001,10:25:33,11.2200,10,1
2026-04-15,000001,10:25:36,11.2100,41,2
2026-04-15,000001,10:25:39,11.2200,49,1
2026-04-15,000001,10:25:42,11.2100,395,2
2026-04-15,000001,10:25:48,11.2200,29,1
2026-04-15,000001,10:25:51,11.2200,502,1
2026-04-15,000001,10:25:54,11.2100,93,2
2026-04-15,000001,10:25:57,11.2200,12,1
2026-04-15,000001,10:26:06,11.2100,15,2
2026-04-15,000001,10:26:09,11.2100,16,2
2026-04-15,000001,10:26:15,11.2100,20,2
2026-04-15,000001,10:26:18,11.2100,96,2
2026-04-15,000001,10:26:21,11.2200,112,1
2026-04-15,000001,10:26:24,11.2100,18,2
2026-04-15,000001,10:26:27,11.2200,15,1
2026-04-15,000001,10:26:30,11.2100,150,2
2026-04-15,000001,10:26:33,11.2100,100,2
2026-04-15,000001,10:26:36,11.2100,212,2
2026-04-15,000001,10:26:39,11.2100,55,2
2026-04-15,000001,10:26:42,11.2100,8,2
2026-04-15,000001,10:26:45,11.2100,3,2
2026-04-15,000001,10:26:48,11.2100,132,2
2026-04-15,000001,10:26:51,11.2100,21,2
2026-04-15,000001,10:26:54,11.2100,241,2
2026-04-15,000001,10:26:57,11.2200,43,1
2026-04-15,000001,10:27:00,11.2100,63,2
2026-04-15,000001,10:27:03,11.2100,10,2
2026-04-15,000001,10:27:06,11.2200,23,1
2026-04-15,000001,10:27:09,11.2100,2,2
2026-04-15,000001,10:27:12,11.2100,527,2
2026-04-15,000001,10:27:15,11.2100,754,2
2026-04-15,000001,10:27:18,11.2100,4074,2
2026-04-15,000001,10:27:21,11.2000,154,2
2026-04-15,000001,10:27:24,11.2000,29,2
2026-04-15,000001,10:27:30,11.2000,1,2
2026-04-15,000001,10:27:33,11.2000,5,2
2026-04-15,000001,10:27:39,11.2000,5,2
2026-04-15,000001,10:27:42,11.2100,15,1
2026-04-15,000001,10:27:45,11.2000,13,2
2026-04-15,000001,10:27:48,11.2000,68,2
2026-04-15,000001,10:27:54,11.2000,1,2
2026-04-15,000001,10:27:57,11.2100,208,1
2026-04-15,000001,10:28:00,11.2000,210,2
2026-04-15,000001,10:28:03,11.2100,107,1
2026-04-15,000001,10:28:06,11.2000,23,2
2026-04-15,000001,10:28:09,11.2100,36,1
2026-04-15,000001,10:28:12,11.2000,43,2
2026-04-15,000001,10:28:18,11.2100,34,1
2026-04-15,000001,10:28:21,11.2000,1,2
2026-04-15,000001,10:28:27,11.2000,12,2
2026-04-15,000001,10:28:33,11.2000,154,2
2026-04-15,000001,10:28:36,11.2000,18,2
2026-04-15,000001,10:28:39,11.2000,40,2
2026-04-15,000001,10:28:42,11.2100,3,1
2026-04-15,000001,10:28:45,11.2100,31,1
2026-04-15,000001,10:28:48,11.2000,8,2
2026-04-15,000001,10:28:51,11.2100,42,1
2026-04-15,000001,10:28:54,11.2000,116,2
2026-04-15,000001,10:28:57,11.2100,105,1
2026-04-15,000001,10:29:00,11.2100,71,1
2026-04-15,000001,10:29:03,11.2100,37,1
2026-04-15,000001,10:29:06,11.2100,129,1
2026-04-15,000001,10:29:12,11.2100,43,1
2026-04-15,000001,10:29:15,11.2100,28,1
2026-04-15,000001,10:29:18,11.2100,14,1
2026-04-15,000001,10:29:21,11.2100,34,1
2026-04-15,000001,10:29:24,11.2100,27,1
2026-04-15,000001,10:29:27,11.2100,38,1
2026-04-15,000001,10:29:30,11.2100,100,1
2026-04-15,000001,10:29:33,11.2000,77,2
2026-04-15,000001,10:29:36,11.2100,35,1
2026-04-15,000001,10:29:39,11.2000,48,2
2026-04-15,000001,10:29:42,11.2100,61,1
2026-04-15,000001,10:29:45,11.2100,147,1
2026-04-15,000001,10:29:48,11.2100,25,1
2026-04-15,000001,10:29:51,11.2100,45,1
2026-04-15,000001,10:29:54,11.2100,14,1
2026-04-15,000001,10:29:57,11.2000,152,2
2026-04-15,000001,10:30:00,11.2000,81,2
2026-04-15,000001,10:30:03,11.2000,9,2
2026-04-15,000001,10:30:06,11.2100,40,1
2026-04-15,000001,10:30:09,11.2000,39,2
2026-04-15,000001,10:30:12,11.2100,57,1
2026-04-15,000001,10:30:15,11.2100,12,1
2026-04-15,000001,10:30:18,11.2100,55,1
2026-04-15,000001,10:30:21,11.2100,12,1
2026-04-15,000001,10:30:24,11.2100,4,1
2026-04-15,000001,10:30:27,11.2100,48,1
2026-04-15,000001,10:30:30,11.2100,15,1
2026-04-15,000001,10:30:33,11.2000,51,2
2026-04-15,000001,10:30:39,11.2000,305,2
2026-04-15,000001,10:30:42,11.2100,152,1
2026-04-15,000001,10:30:45,11.2000,1,2
2026-04-15,000001,10:30:48,11.2100,67,1
2026-04-15,000001,10:30:51,11.2000,27,2
2026-04-15,000001,10:30:57,11.2000,12,2
2026-04-15,000001,10:31:00,11.2100,107,1
2026-04-15,000001,10:31:03,11.2000,1424,2
2026-04-15,000001,10:31:06,11.2000,146,2
2026-04-15,000001,10:31:09,11.2000,2,2
2026-04-15,000001,10:31:12,11.2000,27,2
2026-04-15,000001,10:31:15,11.2100,433,1
2026-04-15,000001,10:31:18,11.2100,41,1
2026-04-15,000001,10:31:24,11.2100,26,1
2026-04-15,000001,10:31:27,11.2100,1,1
2026-04-15,000001,10:31:30,11.2000,1,2
2026-04-15,000001,10:31:33,11.2000,24,2
2026-04-15,000001,10:31:36,11.2100,23,1
2026-04-15,000001,10:31:39,11.2000,63,2
2026-04-15,000001,10:31:42,11.2100,691,1
2026-04-15,000001,10:31:45,11.2100,36,1
2026-04-15,000001,10:31:48,11.2000,14,2
2026-04-15,000001,10:31:51,11.2100,21,1
2026-04-15,000001,10:32:00,11.2000,9,2
2026-04-15,000001,10:32:03,11.2100,54,1
2026-04-15,000001,10:32:06,11.2000,46,2
2026-04-15,000001,10:32:09,11.2100,136,1
2026-04-15,000001,10:32:12,11.2000,100,2
2026-04-15,000001,10:32:15,11.2000,50,2
2026-04-15,000001,10:32:18,11.2100,11,1
2026-04-15,000001,10:32:21,11.2100,2,1
2026-04-15,000001,10:32:24,11.2100,6,1
2026-04-15,000001,10:32:27,11.2000,3,2
2026-04-15,000001,10:32:30,11.2000,59,2
2026-04-15,000001,10:32:36,11.2100,27,1
2026-04-15,000001,10:32:39,11.2000,1,2
2026-04-15,000001,10:32:42,11.2000,2,2
2026-04-15,000001,10:32:45,11.2100,84,1
2026-04-15,000001,10:32:48,11.2100,49,1
2026-04-15,000001,10:32:51,11.2100,60,1
2026-04-15,000001,10:32:57,11.2100,5,1
2026-04-15,000001,10:33:00,11.2100,31,1
2026-04-15,000001,10:33:03,11.2000,20,2
2026-04-15,000001,10:33:12,11.2100,28,1
2026-04-15,000001,10:33:15,11.2100,19,1
2026-04-15,000001,10:33:18,11.2000,17,2
2026-04-15,000001,10:33:21,11.2000,69,2
2026-04-15,000001,10:33:24,11.2000,30,2
2026-04-15,000001,10:33:27,11.2000,6,2
2026-04-15,000001,10:33:33,11.2100,6,1
2026-04-15,000001,10:33:36,11.2000,1,2
2026-04-15,000001,10:33:39,11.2000,27,2
2026-04-15,000001,10:33:42,11.2100,3,1
2026-04-15,000001,10:33:48,11.2000,1078,2
2026-04-15,000001,10:33:51,11.2000,20,2
2026-04-15,000001,10:33:54,11.2000,63,2
2026-04-15,000001,10:33:57,11.2000,157,2
2026-04-15,000001,10:34:00,11.2000,80,2
2026-04-15,000001,10:34:03,11.2100,54,1
2026-04-15,000001,10:34:06,11.2000,22,2
2026-04-15,000001,10:34:09,11.2000,5,2
2026-04-15,000001,10:34:12,11.2000,121,2
2026-04-15,000001,10:34:15,11.2100,5,1
2026-04-15,000001,10:34:24,11.2100,20,1
2026-04-15,000001,10:34:27,11.2100,46,1
2026-04-15,000001,10:34:30,11.2100,3,1
2026-04-15,000001,10:34:33,11.2100,53,1
2026-04-15,000001,10:34:36,11.2000,178,2
2026-04-15,000001,10:34:39,11.2000,10,2
2026-04-15,000001,10:34:42,11.2100,1112,1
2026-04-15,000001,10:34:45,11.2000,322,2
2026-04-15,000001,10:34:48,11.2100,504,1
2026-04-15,000001,10:34:51,11.2000,338,2
2026-04-15,000001,10:34:54,11.2000,218,2
2026-04-15,000001,10:34:57,11.2000,17,2
2026-04-15,000001,10:35:00,11.2000,8,2
2026-04-15,000001,10:35:03,11.2100,4,1
2026-04-15,000001,10:35:09,11.2000,11,2
2026-04-15,000001,10:35:12,11.2000,1,2
2026-04-15,000001,10:35:15,11.2000,72,2
2026-04-15,000001,10:35:18,11.2000,3913,2
2026-04-15,000001,10:35:21,11.2000,63,1
2026-04-15,000001,10:35:24,11.2000,148,1
2026-04-15,000001,10:35:30,11.2000,14,1
2026-04-15,000001,10:35:33,11.2000,15,1
2026-04-15,000001,10:35:36,11.2000,125,1
2026-04-15,000001,10:35:48,11.1900,79,2
2026-04-15,000001,10:35:51,11.2000,17,1
2026-04-15,000001,10:36:00,11.1900,461,2
2026-04-15,000001,10:36:03,11.1900,3,2
2026-04-15,000001,10:36:06,11.1900,105,2
2026-04-15,000001,10:36:09,11.2000,54,1
2026-04-15,000001,10:36:12,11.1900,11,2
2026-04-15,000001,10:36:15,11.1900,4,2
2026-04-15,000001,10:36:18,11.1900,993,2
2026-04-15,000001,10:36:21,11.1900,449,2
2026-04-15,000001,10:36:24,11.1900,724,2
2026-04-15,000001,10:36:27,11.1800,127,2
2026-04-15,000001,10:36:30,11.1800,207,2
2026-04-15,000001,10:36:33,11.1800,50,2
2026-04-15,000001,10:36:36,11.1800,137,2
2026-04-15,000001,10:36:42,11.1900,5,1
2026-04-15,000001,10:36:45,11.1800,1067,2
2026-04-15,000001,10:36:48,11.1900,208,1
2026-04-15,000001,10:36:51,11.1900,15,2
2026-04-15,000001,10:36:54,11.1900,24,2
2026-04-15,000001,10:36:57,11.2000,18,1
2026-04-15,000001,10:37:00,11.1900,64,2
2026-04-15,000001,10:37:03,11.1900,99,1
2026-04-15,000001,10:37:06,11.2000,3,1
2026-04-15,000001,10:37:09,11.1900,4,2
2026-04-15,000001,10:37:15,11.1900,382,2
2026-04-15,000001,10:37:18,11.1800,4,2
2026-04-15,000001,10:37:21,11.1900,27,1
2026-04-15,000001,10:37:24,11.1900,27,1
2026-04-15,000001,10:37:27,11.1800,20,2
2026-04-15,000001,10:37:30,11.1800,145,2
2026-04-15,000001,10:37:33,11.1900,190,1
2026-04-15,000001,10:37:36,11.1900,31,1
2026-04-15,000001,10:37:39,11.1900,37,1
2026-04-15,000001,10:37:42,11.1900,58,1
2026-04-15,000001,10:37:45,11.2000,487,1
2026-04-15,000001,10:37:48,11.1900,7,2
2026-04-15,000001,10:37:51,11.1800,428,2
2026-04-15,000001,10:37:54,11.1900,90,1
2026-04-15,000001,10:38:00,11.1800,20,2
2026-04-15,000001,10:38:03,11.1800,7,2
2026-04-15,000001,10:38:06,11.1800,19,2
2026-04-15,000001,10:38:09,11.1800,8,2
2026-04-15,000001,10:38:18,11.1800,10,2
2026-04-15,000001,10:38:21,11.1800,3,2
2026-04-15,000001,10:38:24,11.1800,96,2
2026-04-15,000001,10:38:27,11.1800,134,2
2026-04-15,000001,10:38:33,11.1800,18,2
2026-04-15,000001,10:38:36,11.1800,49,2
2026-04-15,000001,10:38:39,11.1900,45,1
2026-04-15,000001,10:38:42,11.1900,56,1
2026-04-15,000001,10:38:45,11.1800,41,2
2026-04-15,000001,10:38:48,11.1900,22,1
2026-04-15,000001,10:38:51,11.1800,8,2
2026-04-15,000001,10:38:54,11.1800,10,2
2026-04-15,000001,10:39:00,11.1900,46,1
2026-04-15,000001,10:39:06,11.1800,17,2
2026-04-15,000001,10:39:12,11.1800,23,2
2026-04-15,000001,10:39:15,11.1800,198,2
2026-04-15,000001,10:39:18,11.1800,5,2
2026-04-15,000001,10:39:24,11.1800,10,2
2026-04-15,000001,10:39:27,11.1900,38,1
2026-04-15,000001,10:39:30,11.1800,4,2
2026-04-15,000001,10:39:33,11.1800,1,2
2026-04-15,000001,10:39:36,11.1800,14,2
2026-04-15,000001,10:39:39,11.1900,1,1
2026-04-15,000001,10:39:45,11.1800,23,2
2026-04-15,000001,10:39:48,11.1800,140,2
2026-04-15,000001,10:39:51,11.1900,8,1
2026-04-15,000001,10:39:54,11.1900,20,1
2026-04-15,000001,10:39:57,11.1900,22,1
2026-04-15,000001,10:40:00,11.1900,126,1
2026-04-15,000001,10:40:03,11.1800,54,2
2026-04-15,000001,10:40:06,11.1800,122,2
2026-04-15,000001,10:40:09,11.1900,1,1
2026-04-15,000001,10:40:12,11.1800,200,2
2026-04-15,000001,10:40:15,11.1800,23,2
2026-04-15,000001,10:40:18,11.1800,122,2
2026-04-15,000001,10:40:21,11.1800,10,2
2026-04-15,000001,10:40:24,11.1800,1,2
2026-04-15,000001,10:40:30,11.1800,35,2
2026-04-15,000001,10:40:39,11.1800,1313,2
2026-04-15,000001,10:40:42,11.1800,13,2
2026-04-15,000001,10:40:45,11.1900,15,1
2026-04-15,000001,10:40:48,11.1900,15,1
2026-04-15,000001,10:40:51,11.1800,11,2
2026-04-15,000001,10:40:54,11.1900,15,1
2026-04-15,000001,10:41:03,11.1900,7,1
2026-04-15,000001,10:41:06,11.1800,30,2
2026-04-15,000001,10:41:12,11.1900,55,1
2026-04-15,000001,10:41:15,11.1900,16,1
2026-04-15,000001,10:41:18,11.1900,146,1
2026-04-15,000001,10:41:21,11.1900,469,1
2026-04-15,000001,10:41:33,11.1900,71,1
2026-04-15,000001,10:41:36,11.1800,4,2
2026-04-15,000001,10:41:39,11.1900,33,1
2026-04-15,000001,10:41:42,11.1800,11,2
2026-04-15,000001,10:41:45,11.1900,33,1
2026-04-15,000001,10:41:51,11.1900,102,1
2026-04-15,000001,10:41:57,11.1800,37,2
2026-04-15,000001,10:42:00,11.1900,52,1
2026-04-15,000001,10:42:03,11.1800,4,2
2026-04-15,000001,10:42:06,11.1900,49,1
2026-04-15,000001,10:42:12,11.1900,226,1
2026-04-15,000001,10:42:15,11.1900,21,1
2026-04-15,000001,10:42:18,11.1900,39,1
2026-04-15,000001,10:42:21,11.1900,153,1
2026-04-15,000001,10:42:27,11.1900,286,1
2026-04-15,000001,10:42:36,11.1800,32,2
2026-04-15,000001,10:42:39,11.1800,56,2
2026-04-15,000001,10:42:42,11.1800,458,2
2026-04-15,000001,10:42:45,11.1900,14,1
2026-04-15,000001,10:42:48,11.1800,71,2
2026-04-15,000001,10:42:54,11.1800,256,2
2026-04-15,000001,10:43:00,11.1900,1,1
2026-04-15,000001,10:43:03,11.1900,27,1
2026-04-15,000001,10:43:06,11.1800,23,2
2026-04-15,000001,10:43:12,11.1900,72,1
2026-04-15,000001,10:43:18,11.1800,7,2
2026-04-15,000001,10:43:36,11.1900,22,1
2026-04-15,000001,10:43:39,11.1900,85,1
2026-04-15,000001,10:43:45,11.1900,12,1
2026-04-15,000001,10:43:48,11.1800,196,2
2026-04-15,000001,10:43:51,11.1800,485,2
2026-04-15,000001,10:43:54,11.1800,8,2
2026-04-15,000001,10:43:57,11.1800,1,2
2026-04-15,000001,10:44:00,11.1800,13,2
2026-04-15,000001,10:44:03,11.1800,17,2
2026-04-15,000001,10:44:06,11.1800,123,2
2026-04-15,000001,10:44:09,11.1800,113,2
2026-04-15,000001,10:44:18,11.1800,8,2
2026-04-15,000001,10:44:21,11.1800,146,2
2026-04-15,000001,10:44:27,11.1900,25,1
2026-04-15,000001,10:44:30,11.1800,100,2
2026-04-15,000001,10:44:33,11.1800,24,2
2026-04-15,000001,10:44:36,11.1800,67,2
2026-04-15,000001,10:44:39,11.1800,118,2
2026-04-15,000001,10:44:42,11.1900,61,1
2026-04-15,000001,10:44:45,11.1800,98,2
2026-04-15,000001,10:44:48,11.1800,1,2
2026-04-15,000001,10:44:51,11.1900,68,1
2026-04-15,000001,10:44:54,11.1900,11,1
2026-04-15,000001,10:45:00,11.1900,29,1
2026-04-15,000001,10:45:03,11.1800,709,2
2026-04-15,000001,10:45:09,11.1800,2,2
2026-04-15,000001,10:45:12,11.1800,3,2
2026-04-15,000001,10:45:15,11.1800,616,2
2026-04-15,000001,10:45:18,11.1800,5153,2
2026-04-15,000001,10:45:21,11.1700,34,2
2026-04-15,000001,10:45:24,11.1700,105,2
2026-04-15,000001,10:45:27,11.1700,7,2
2026-04-15,000001,10:45:30,11.1700,15,2
2026-04-15,000001,10:45:33,11.1700,30,2
2026-04-15,000001,10:45:36,11.1700,5,2
2026-04-15,000001,10:45:39,11.1700,134,2
2026-04-15,000001,10:45:42,11.1700,61,2
2026-04-15,000001,10:45:45,11.1700,9,2
2026-04-15,000001,10:45:48,11.1700,10,2
2026-04-15,000001,10:45:51,11.1700,75,2
2026-04-15,000001,10:45:54,11.1800,21,1
2026-04-15,000001,10:45:57,11.1800,9,1
2026-04-15,000001,10:46:00,11.1800,1,1
2026-04-15,000001,10:46:03,11.1700,12,2
2026-04-15,000001,10:46:06,11.1800,29,1
2026-04-15,000001,10:46:09,11.1700,9,2
2026-04-15,000001,10:46:12,11.1800,30,1
2026-04-15,000001,10:46:18,11.1700,39,2
2026-04-15,000001,10:46:21,11.1800,33,1
2026-04-15,000001,10:46:24,11.1700,26,2
2026-04-15,000001,10:46:27,11.1800,51,1
2026-04-15,000001,10:46:30,11.1700,154,2
2026-04-15,000001,10:46:33,11.1700,10,2
2026-04-15,000001,10:46:36,11.1700,1,2
2026-04-15,000001,10:46:39,11.1700,65,2
2026-04-15,000001,10:46:42,11.1800,79,1
2026-04-15,000001,10:46:45,11.1800,167,1
2026-04-15,000001,10:46:48,11.1800,110,1
2026-04-15,000001,10:46:51,11.1800,159,1
2026-04-15,000001,10:46:54,11.1700,269,2
2026-04-15,000001,10:46:57,11.1800,32,1
2026-04-15,000001,10:47:03,11.1800,108,1
2026-04-15,000001,10:47:06,11.1700,5,2
2026-04-15,000001,10:47:09,11.1800,222,1
2026-04-15,000001,10:47:12,11.1800,113,1
2026-04-15,000001,10:47:15,11.1800,8,1
2026-04-15,000001,10:47:21,11.1800,64,1
2026-04-15,000001,10:47:24,11.1800,138,1
2026-04-15,000001,10:47:27,11.1800,112,1
2026-04-15,000001,10:47:30,11.1900,667,1
2026-04-15,000001,10:47:33,11.1800,6,2
2026-04-15,000001,10:47:36,11.1800,40,2
