date,code,time,price,volume,bs
2026-02-09,601012,14:07:06,19.2300,54,1
2026-02-09,601012,14:07:09,19.2300,86,1
2026-02-09,601012,14:07:12,19.2300,148,1
2026-02-09,601012,14:07:16,19.2300,18,1
2026-02-09,601012,14:07:18,19.2300,16,1
2026-02-09,601012,14:07:21,19.2300,178,1
2026-02-09,601012,14:07:24,19.2300,249,1
2026-02-09,601012,14:07:27,19.2200,113,2
2026-02-09,601012,14:07:30,19.2300,242,1
2026-02-09,601012,14:07:33,19.2200,18,2
2026-02-09,601012,14:07:37,19.2200,132,2
2026-02-09,601012,14:07:39,19.2200,102,2
2026-02-09,601012,14:07:42,19.2300,95,1
2026-02-09,601012,14:07:45,19.2300,146,1
2026-02-09,601012,14:07:49,19.2200,78,2
2026-02-09,601012,14:07:52,19.2200,80,2
2026-02-09,601012,14:07:54,19.2300,354,1
2026-02-09,601012,14:07:57,19.2300,39,1
2026-02-09,601012,14:08:00,19.2200,269,2
2026-02-09,601012,14:08:03,19.2300,153,1
2026-02-09,601012,14:08:06,19.2200,156,2
2026-02-09,601012,14:08:09,19.2300,44,1
2026-02-09,601012,14:08:12,19.2300,1594,1
2026-02-09,601012,14:08:15,19.2300,156,1
2026-02-09,601012,14:08:18,19.2300,50,1
2026-02-09,601012,14:08:22,19.2200,95,2
2026-02-09,601012,14:08:24,19.2200,154,2
2026-02-09,601012,14:08:28,19.2200,93,2
2026-02-09,601012,14:08:30,19.2200,82,2
2026-02-09,601012,14:08:33,19.2300,92,1
2026-02-09,601012,14:08:36,19.2300,155,1
2026-02-09,601012,14:08:39,19.2300,155,1
2026-02-09,601012,14:08:42,19.2300,161,1
2026-02-09,601012,14:08:45,19.2200,157,2
2026-02-09,601012,14:08:48,19.2200,127,2
2026-02-09,601012,14:08:52,19.2200,162,2
2026-02-09,601012,14:08:54,19.2200,158,2
2026-02-09,601012,14:08:57,19.2200,28,2
2026-02-09,601012,14:09:00,19.2200,583,2
2026-02-09,601012,14:09:04,19.2200,60,2
2026-02-09,601012,14:09:06,19.2200,155,2
2026-02-09,601012,14:09:09,19.2200,119,2
2026-02-09,601012,14:09:13,19.2200,197,2
2026-02-09,601012,14:09:15,19.2200,555,2
2026-02-09,601012,14:09:18,19.2200,180,2
2026-02-09,601012,14:09:21,19.2100,704,2
2026-02-09,601012,14:09:24,19.2200,14,1
2026-02-09,601012,14:09:27,19.2100,52,2
2026-02-09,601012,14:09:30,19.2200,130,1
2026-02-09,601012,14:09:33,19.2100,134,2
2026-02-09,601012,14:09:37,19.2100,464,2
2026-02-09,601012,14:09:39,19.2100,32,2
2026-02-09,601012,14:09:42,19.2100,249,2
2026-02-09,601012,14:09:45,19.2100,75,2
2026-02-09,601012,14:09:49,19.2200,104,1
2026-02-09,601012,14:09:52,19.2200,114,1
2026-02-09,601012,14:09:54,19.2100,34,2
2026-02-09,601012,14:09:58,19.2100,151,2
2026-02-09,601012,14:10:00,19.2100,70,2
2026-02-09,601012,14:10:03,19.2100,75,2
2026-02-09,601012,14:10:06,19.2100,109,2
2026-02-09,601012,14:10:09,19.2100,229,2
2026-02-09,601012,14:10:12,19.2200,66,1
2026-02-09,601012,14:10:15,19.2200,114,1
2026-02-09,601012,14:10:18,19.2100,111,2
2026-02-09,601012,14:10:21,19.2100,204,2
2026-02-09,601012,14:10:24,19.2200,201,1
2026-02-09,601012,14:10:27,19.2100,118,2
2026-02-09,601012,14:10:30,19.2200,122,1
2026-02-09,601012,14:10:33,19.2200,166,1
2026-02-09,601012,14:10:36,19.2100,158,2
2026-02-09,601012,14:10:39,19.2100,111,2
2026-02-09,601012,14:10:42,19.2200,224,1
2026-02-09,601012,14:10:46,19.2100,78,2
2026-02-09,601012,14:10:48,19.2100,104,2
2026-02-09,601012,14:10:51,19.2100,96,2
2026-02-09,601012,14:10:55,19.2200,471,1
2026-02-09,601012,14:10:57,19.2200,1301,1
2026-02-09,601012,14:11:00,19.2200,1053,1
2026-02-09,601012,14:11:03,19.2200,118,2
2026-02-09,601012,14:11:07,19.2200,172,2
2026-02-09,601012,14:11:09,19.2100,109,2
2026-02-09,601012,14:11:13,19.2200,124,4
2026-02-09,601012,14:11:15,19.2200,98,2
2026-02-09,601012,14:11:18,19.2200,452,1
2026-02-09,601012,14:11:21,19.2100,22,2
2026-02-09,601012,14:11:24,19.2100,122,2
2026-02-09,601012,14:11:27,19.2100,189,2
2026-02-09,601012,14:11:30,19.2200,1111,1
2026-02-09,601012,14:11:34,19.2200,103,2
2026-02-09,601012,14:11:36,19.2200,132,2
2026-02-09,601012,14:11:39,19.2200,255,2
2026-02-09,601012,14:11:43,19.2200,1452,2
2026-02-09,601012,14:11:45,19.2300,250,1
2026-02-09,601012,14:11:48,19.2200,185,2
2026-02-09,601012,14:11:52,19.2200,265,2
2026-02-09,601012,14:11:54,19.2200,439,2
2026-02-09,601012,14:11:57,19.2200,147,1
2026-02-09,601012,14:12:00,19.2200,1295,1
2026-02-09,601012,14:12:03,19.2200,341,1
2026-02-09,601012,14:12:06,19.2200,463,1
2026-02-09,601012,14:12:09,19.2100,40,4
2026-02-09,601012,14:12:12,19.2100,148,2
2026-02-09,601012,14:12:15,19.2100,205,1
2026-02-09,601012,14:12:18,19.2100,147,1
2026-02-09,601012,14:12:21,19.2000,215,2
2026-02-09,601012,14:12:24,19.2100,100,1
2026-02-09,601012,14:12:27,19.2100,101,1
2026-02-09,601012,14:12:30,19.2100,76,1
2026-02-09,601012,14:12:33,19.2100,481,1
2026-02-09,601012,14:12:37,19.2100,364,1
2026-02-09,601012,14:12:39,19.2100,52,1
2026-02-09,601012,14:12:42,19.2100,50,2
2026-02-09,601012,14:12:45,19.2100,128,2
2026-02-09,601012,14:12:48,19.2200,115,1
2026-02-09,601012,14:12:51,19.2100,196,2
2026-02-09,601012,14:12:54,19.2100,154,1
2026-02-09,601012,14:12:57,19.2000,54,2
2026-02-09,601012,14:13:00,19.2100,190,1
2026-02-09,601012,14:13:03,19.2100,139,2
2026-02-09,601012,14:13:06,19.2200,77,1
2026-02-09,601012,14:13:09,19.2100,64,1
2026-02-09,601012,14:13:12,19.2000,1778,2
2026-02-09,601012,14:13:15,19.2000,190,2
2026-02-09,601012,14:13:18,19.2100,181,1
2026-02-09,601012,14:13:21,19.2100,234,2
2026-02-09,601012,14:13:24,19.2000,1597,2
2026-02-09,601012,14:13:27,19.2100,53,1
2026-02-09,601012,14:13:30,19.2000,575,2
2026-02-09,601012,14:13:33,19.2000,101,2
2026-02-09,601012,14:13:36,19.2100,226,1
2026-02-09,601012,14:13:39,19.2000,274,2
2026-02-09,601012,14:13:42,19.2000,103,2
2026-02-09,601012,14:13:45,19.2000,46,2
2026-02-09,601012,14:13:48,19.2100,3684,1
2026-02-09,601012,14:13:51,19.2000,406,2
2026-02-09,601012,14:13:54,19.2000,81,2
2026-02-09,601012,14:13:57,19.2000,295,2
2026-02-09,601012,14:14:01,19.2000,119,2
2026-02-09,601012,14:14:03,19.2100,122,1
2026-02-09,601012,14:14:07,19.2000,63,2
2026-02-09,601012,14:14:10,19.2000,126,2
2026-02-09,601012,14:14:13,19.2100,401,1
2026-02-09,601012,14:14:15,19.2000,394,2
2026-02-09,601012,14:14:18,19.2000,58,1
2026-02-09,601012,14:14:21,19.2000,45,1
2026-02-09,601012,14:14:24,19.1900,250,2
2026-02-09,601012,14:14:27,19.1900,265,2
2026-02-09,601012,14:14:30,19.1900,284,2
2026-02-09,601012,14:14:33,19.2000,28,1
2026-02-09,601012,14:14:36,19.1900,226,2
2026-02-09,601012,14:14:39,19.1900,93,2
2026-02-09,601012,14:14:42,19.2000,610,1
2026-02-09,601012,14:14:45,19.1900,55,2
2026-02-09,601012,14:14:49,19.2000,132,1
2026-02-09,601012,14:14:51,19.1900,288,2
2026-02-09,601012,14:14:54,19.1900,128,2
2026-02-09,601012,14:14:57,19.1900,107,2
2026-02-09,601012,14:15:00,19.1900,265,2
2026-02-09,601012,14:15:04,19.1900,257,2
2026-02-09,601012,14:15:06,19.1900,202,2
2026-02-09,601012,14:15:09,19.1900,37,2
2026-02-09,601012,14:15:12,19.1900,373,2
2026-02-09,601012,14:15:16,19.1900,80,2
2026-02-09,601012,14:15:18,19.1900,153,2
2026-02-09,601012,14:15:21,19.1900,939,2
2026-02-09,601012,14:15:24,19.1800,150,2
2026-02-09,601012,14:15:27,19.1800,241,2
2026-02-09,601012,14:15:30,19.1900,182,1
2026-02-09,601012,14:15:34,19.1900,110,1
2026-02-09,601012,14:15:36,19.1800,704,2
2026-02-09,601012,14:15:39,19.1900,60,1
2026-02-09,601012,14:15:42,19.1800,67,2
2026-02-09,601012,14:15:46,19.1900,105,1
2026-02-09,601012,14:15:48,19.1800,81,2
2026-02-09,601012,14:15:52,19.1800,81,2
2026-02-09,601012,14:15:54,19.1800,401,2
2026-02-09,601012,14:15:57,19.1900,193,1
2026-02-09,601012,14:16:00,19.1800,123,2
2026-02-09,601012,14:16:04,19.1800,190,2
2026-02-09,601012,14:16:06,19.1900,219,1
2026-02-09,601012,14:16:09,19.1800,98,2
2026-02-09,601012,14:16:12,19.1900,159,1
2026-02-09,601012,14:16:15,19.1900,196,1
2026-02-09,601012,14:16:19,19.1800,238,2
2026-02-09,601012,14:16:22,19.1900,1045,1
2026-02-09,601012,14:16:25,19.1900,304,1
2026-02-09,601012,14:16:27,19.1900,111,1
2026-02-09,601012,14:16:30,19.1800,55,2
2026-02-09,601012,14:16:34,19.1900,504,1
2026-02-09,601012,14:16:36,19.1900,156,1
2026-02-09,601012,14:16:40,19.1900,165,1
2026-02-09,601012,14:16:42,19.1800,603,2
2026-02-09,601012,14:16:45,19.1900,133,1
2026-02-09,601012,14:16:48,19.1800,247,2
2026-02-09,601012,14:16:51,19.1800,21,2
2026-02-09,601012,14:16:55,19.1800,129,2
2026-02-09,601012,14:16:57,19.1800,1202,2
2026-02-09,601012,14:17:01,19.1800,726,2
2026-02-09,601012,14:17:03,19.1800,873,1
2026-02-09,601012,14:17:06,19.1800,3007,1
2026-02-09,601012,14:17:09,19.1700,667,2
2026-02-09,601012,14:17:13,19.1600,41,2
2026-02-09,601012,14:17:15,19.1600,210,2
2026-02-09,601012,14:17:18,19.1700,460,1
2026-02-09,601012,14:17:21,19.1600,151,2
2026-02-09,601012,14:17:24,19.1700,217,1
2026-02-09,601012,14:17:28,19.1600,265,2
2026-02-09,601012,14:17:30,19.1600,179,2
2026-02-09,601012,14:17:33,19.1600,524,2
2026-02-09,601012,14:17:36,19.1600,191,2
2026-02-09,601012,14:17:39,19.1700,290,1
2026-02-09,601012,14:17:43,19.1700,667,2
2026-02-09,601012,14:17:45,19.1700,574,1
2026-02-09,601012,14:17:48,19.1700,296,2
2026-02-09,601012,14:17:51,19.1700,209,2
2026-02-09,601012,14:17:54,19.1700,228,1
2026-02-09,601012,14:17:57,19.1600,284,2
2026-02-09,601012,14:18:01,19.1600,100,2
2026-02-09,601012,14:18:03,19.1600,107,2
2026-02-09,601012,14:18:07,19.1700,316,1
2026-02-09,601012,14:18:10,19.1600,105,2
2026-02-09,601012,14:18:13,19.1600,437,2
2026-02-09,601012,14:18:16,19.1600,247,2
2026-02-09,601012,14:18:19,19.1600,307,2
2026-02-09,601012,14:18:21,19.1600,205,2
2026-02-09,601012,14:18:25,19.1700,49,1
2026-02-09,601012,14:18:27,19.1700,127,1
2026-02-09,601012,14:18:30,19.1600,104,2
2026-02-09,601012,14:18:33,19.1700,73,1
2026-02-09,601012,14:18:37,19.1700,172,1
2026-02-09,601012,14:18:39,19.1600,101,2
2026-02-09,601012,14:18:42,19.1600,120,2
2026-02-09,601012,14:18:45,19.1600,32,2
2026-02-09,601012,14:18:49,19.1600,89,2
2026-02-09,601012,14:18:51,19.1600,112,2
2026-02-09,601012,14:18:54,19.1600,252,2
2026-02-09,601012,14:18:57,19.1600,578,2
2026-02-09,601012,14:19:00,19.1600,215,2
2026-02-09,601012,14:19:03,19.1600,117,2
2026-02-09,601012,14:19:06,19.1600,243,2
2026-02-09,601012,14:19:09,19.1600,205,2
2026-02-09,601012,14:19:12,19.1600,682,2
2026-02-09,601012,14:19:16,19.1700,724,1
2026-02-09,601012,14:19:18,19.1600,802,2
2026-02-09,601012,14:19:21,19.1600,696,2
2026-02-09,601012,14:19:25,19.1600,68,2
2026-02-09,601012,14:19:27,19.1600,252,2
2026-02-09,601012,14:19:30,19.1600,223,2
2026-02-09,601012,14:19:33,19.1600,338,2
2026-02-09,601012,14:19:36,19.1600,202,2
2026-02-09,601012,14:19:39,19.1600,201,2
2026-02-09,601012,14:19:42,19.1600,220,2
2026-02-09,601012,14:19:45,19.1600,236,2
2026-02-09,601012,14:19:48,19.1600,221,2
2026-02-09,601012,14:19:51,19.1600,277,2
2026-02-09,601012,14:19:54,19.1600,156,2
2026-02-09,601012,14:19:57,19.1700,499,1
2026-02-09,601012,14:20:00,19.1600,276,2
2026-02-09,601012,14:20:03,19.1600,78,1
2026-02-09,601012,14:20:06,19.1600,139,1
2026-02-09,601012,14:20:09,19.1500,125,2
2026-02-09,601012,14:20:12,19.1600,132,1
2026-02-09,601012,14:20:16,19.1600,435,1
2026-02-09,601012,14:20:18,19.1700,1125,1
2026-02-09,601012,14:20:22,19.1700,355,2
2026-02-09,601012,14:20:24,19.1700,256,2
2026-02-09,601012,14:20:27,19.1800,354,1
2026-02-09,601012,14:20:30,19.1800,105,1
2026-02-09,601012,14:20:33,19.1800,36,1
2026-02-09,601012,14:20:36,19.1800,143,1
2026-02-09,601012,14:20:39,19.1700,71,2
2026-02-09,601012,14:20:42,19.1700,1039,2
2026-02-09,601012,14:20:45,19.1800,708,1
2026-02-09,601012,14:20:48,19.1800,84,2
2026-02-09,601012,14:20:51,19.1800,1801,2
2026-02-09,601012,14:20:54,19.1900,546,1
2026-02-09,601012,14:20:58,19.1900,358,1
2026-02-09,601012,14:21:01,19.1900,100,1
2026-02-09,601012,14:21:03,19.1900,252,1
2026-02-09,601012,14:21:06,19.1900,374,1
2026-02-09,601012,14:21:10,19.1800,190,2
2026-02-09,601012,14:21:12,19.1900,731,1
2026-02-09,601012,14:21:16,19.1900,40,2
2026-02-09,601012,14:21:18,19.2000,55,1
2026-02-09,601012,14:21:21,19.2000,170,1
2026-02-09,601012,14:21:24,19.2000,381,1
2026-02-09,601012,14:21:28,19.1900,111,2
2026-02-09,601012,14:21:30,19.2000,104,1
2026-02-09,601012,14:21:33,19.2000,36,1
2026-02-09,601012,14:21:36,19.2000,68,1
2026-02-09,601012,14:21:39,19.1900,96,2
2026-02-09,601012,14:21:42,19.2000,80,1
2026-02-09,601012,14:21:46,19.1900,152,2
2026-02-09,601012,14:21:49,19.2000,71,1
2026-02-09,601012,14:21:51,19.2000,64,1
2026-02-09,601012,14:21:55,19.1900,98,2
2026-02-09,601012,14:21:57,19.1900,33,2
2026-02-09,601012,14:22:00,19.1900,14,2
2026-02-09,601012,14:22:03,19.2000,77,1
2026-02-09,601012,14:22:06,19.1900,399,2
2026-02-09,601012,14:22:09,19.1900,97,2
2026-02-09,601012,14:22:12,19.2000,179,1
2026-02-09,601012,14:22:15,19.2000,162,1
2026-02-09,601012,14:22:18,19.2000,34,1
2026-02-09,601012,14:22:21,19.2000,47,1
2026-02-09,601012,14:22:24,19.2000,227,1
2026-02-09,601012,14:22:28,19.2000,537,1
2026-02-09,601012,14:22:30,19.2000,191,1
2026-02-09,601012,14:22:33,19.1900,184,2
2026-02-09,601012,14:22:36,19.1900,176,2
2026-02-09,601012,14:22:40,19.2000,259,1
2026-02-09,601012,14:22:43,19.1900,190,2
2026-02-09,601012,14:22:45,19.1900,99,2
2026-02-09,601012,14:22:48,19.2000,736,1
2026-02-09,601012,14:22:51,19.2000,182,1
2026-02-09,601012,14:22:54,19.1900,555,2
2026-02-09,601012,14:22:58,19.1900,340,1
2026-02-09,601012,14:23:00,19.1900,103,1
2026-02-09,601012,14:23:04,19.1900,175,1
2026-02-09,601012,14:23:06,19.1800,169,2
2026-02-09,601012,14:23:09,19.1800,168,2
2026-02-09,601012,14:23:12,19.1900,67,1
2026-02-09,601012,14:23:15,19.1900,168,1
2026-02-09,601012,14:23:18,19.1900,73,2
2026-02-09,601012,14:23:21,19.1900,53,2
2026-02-09,601012,14:23:24,19.1900,180,2
2026-02-09,601012,14:23:27,19.1900,60,1
2026-02-09,601012,14:23:30,19.1900,186,2
2026-02-09,601012,14:23:33,19.1900,204,1
2026-02-09,601012,14:23:37,19.1900,2143,1
2026-02-09,601012,14:23:40,19.1900,229,1
2026-02-09,601012,14:23:42,19.1800,34,2
2026-02-09,601012,14:23:45,19.1800,364,2
2026-02-09,601012,14:23:48,19.1900,208,1
2026-02-09,601012,14:23:51,19.1800,54,2
2026-02-09,601012,14:23:54,19.1900,81,1
2026-02-09,601012,14:23:58,19.1800,132,2
2026-02-09,601012,14:24:00,19.1800,106,2
2026-02-09,601012,14:24:03,19.1900,264,1
2026-02-09,601012,14:24:06,19.1800,172,2
2026-02-09,601012,14:24:10,19.1800,19,2
2026-02-09,601012,14:24:12,19.1800,206,2
2026-02-09,601012,14:24:15,19.1900,265,1
2026-02-09,601012,14:24:18,19.1800,231,2
2026-02-09,601012,14:24:22,19.1800,45,2
2026-02-09,601012,14:24:24,19.1900,417,1
2026-02-09,601012,14:24:27,19.1800,254,2
2026-02-09,601012,14:24:31,19.1900,19,1
2026-02-09,601012,14:24:33,19.1900,64,1
2026-02-09,601012,14:24:36,19.1900,154,1
2026-02-09,601012,14:24:40,19.1800,162,2
2026-02-09,601012,14:24:42,19.1900,524,1
2026-02-09,601012,14:24:45,19.1800,68,2
2026-02-09,601012,14:24:48,19.1800,350,2
2026-02-09,601012,14:24:52,19.1800,119,1
2026-02-09,601012,14:24:54,19.1900,134,1
2026-02-09,601012,14:24:58,19.1800,42,2
2026-02-09,601012,14:25:00,19.1900,92,1
2026-02-09,601012,14:25:04,19.1800,30,2
2026-02-09,601012,14:25:06,19.1900,214,1
2026-02-09,601012,14:25:09,19.1800,133,2
2026-02-09,601012,14:25:13,19.1800,168,2
2026-02-09,601012,14:25:16,19.1800,97,2
2026-02-09,601012,14:25:18,19.1900,154,1
2026-02-09,601012,14:25:22,19.1800,147,2
2026-02-09,601012,14:25:24,19.1800,58,2
2026-02-09,601012,14:25:28,19.1800,121,2
2026-02-09,601012,14:25:30,19.1800,36,2
2026-02-09,601012,14:25:34,19.1900,205,1
2026-02-09,601012,14:25:36,19.1800,219,2
2026-02-09,601012,14:25:39,19.1800,157,2
2026-02-09,601012,14:25:42,19.1900,94,1
2026-02-09,601012,14:25:45,19.1900,292,1
2026-02-09,601012,14:25:48,19.1900,191,1
2026-02-09,601012,14:25:51,19.1900,140,1
2026-02-09,601012,14:25:55,19.1900,27,1
2026-02-09,601012,14:25:57,19.1900,113,1
2026-02-09,601012,14:26:00,19.1800,130,2
2026-02-09,601012,14:26:03,19.1900,134,1
2026-02-09,601012,14:26:06,19.1900,410,1
2026-02-09,601012,14:26:09,19.1900,110,1
2026-02-09,601012,14:26:12,19.1800,248,2
2026-02-09,601012,14:26:15,19.1900,199,1
2026-02-09,601012,14:26:18,19.1800,60,2
2026-02-09,601012,14:26:22,19.1800,168,2
2026-02-09,601012,14:26:24,19.1800,128,2
2026-02-09,601012,14:26:27,19.1900,193,1
2026-02-09,601012,14:26:30,19.1900,110,1
2026-02-09,601012,14:26:33,19.1800,92,2
2026-02-09,601012,14:26:36,19.1800,280,2
2026-02-09,601012,14:26:39,19.1800,117,2
2026-02-09,601012,14:26:42,19.1800,104,2
2026-02-09,601012,14:26:46,19.1900,190,1
2026-02-09,601012,14:26:48,19.1900,176,1
2026-02-09,601012,14:26:52,19.1900,275,1
2026-02-09,601012,14:26:54,19.1900,102,1
2026-02-09,601012,14:26:57,19.1800,123,2
2026-02-09,601012,14:27:00,19.1900,162,1
2026-02-09,601012,14:27:03,19.1900,325,1
2026-02-09,601012,14:27:06,19.1900,57,1
2026-02-09,601012,14:27:09,19.1800,100,2
2026-02-09,601012,14:27:12,19.1900,457,1
2026-02-09,601012,14:27:15,19.1900,252,1
2026-02-09,601012,14:27:18,19.1900,120,1
2026-02-09,601012,14:27:21,19.1900,178,1
2026-02-09,601012,14:27:25,19.1900,183,1
2026-02-09,601012,14:27:27,19.1900,91,1
2026-02-09,601012,14:27:30,19.1900,63,1
2026-02-09,601012,14:27:33,19.1800,525,2
2026-02-09,601012,14:27:37,19.1800,505,2
2026-02-09,601012,14:27:40,19.1900,126,1
2026-02-09,601012,14:27:42,19.1800,92,2
2026-02-09,601012,14:27:46,19.1900,133,1
2026-02-09,601012,14:27:48,19.1900,171,1
2026-02-09,601012,14:27:51,19.1800,184,2
2026-02-09,601012,14:27:54,19.1800,64,2
2026-02-09,601012,14:27:57,19.1800,80,2
2026-02-09,601012,14:28:00,19.1900,313,1
2026-02-09,601012,14:28:03,19.1800,76,2
2026-02-09,601012,14:28:06,19.1800,93,2
2026-02-09,601012,14:28:09,19.1800,88,2
2026-02-09,601012,14:28:12,19.1800,298,2
2026-02-09,601012,14:28:15,19.1900,227,1
2026-02-09,601012,14:28:18,19.2000,109,1
2026-02-09,601012,14:28:22,19.2000,166,1
2026-02-09,601012,14:28:24,19.1800,19,2
2026-02-09,601012,14:28:27,19.1900,176,2
2026-02-09,601012,14:28:30,19.1900,408,2
2026-02-09,601012,14:28:33,19.1900,140,1
2026-02-09,601012,14:28:36,19.1900,109,4
2026-02-09,601012,14:28:40,19.1900,123,1
2026-02-09,601012,14:28:42,19.1800,308,2
2026-02-09,601012,14:28:45,19.1800,24,2
2026-02-09,601012,14:28:49,19.1800,103,2
2026-02-09,601012,14:28:51,19.1900,175,1
2026-02-09,601012,14:28:55,19.1900,67,1
2026-02-09,601012,14:28:57,19.1800,214,2
2026-02-09,601012,14:29:00,19.1900,35,1
2026-02-09,601012,14:29:03,19.1900,56,1
2026-02-09,601012,14:29:06,19.1900,298,1
2026-02-09,601012,14:29:09,19.1900,63,1
2026-02-09,601012,14:29:12,19.1900,336,1
2026-02-09,601012,14:29:15,19.1900,237,1
2026-02-09,601012,14:29:18,19.1800,47,2
2026-02-09,601012,14:29:21,19.1800,237,2
2026-02-09,601012,14:29:24,19.1800,205,2
2026-02-09,601012,14:29:27,19.1900,537,1
2026-02-09,601012,14:29:30,19.1800,159,2
2026-02-09,601012,14:29:33,19.1900,61,1
2026-02-09,601012,14:29:36,19.1900,81,1
2026-02-09,601012,14:29:39,19.1800,78,2
2026-02-09,601012,14:29:42,19.1800,117,2
2026-02-09,601012,14:29:45,19.1800,160,2
2026-02-09,601012,14:29:48,19.1800,59,2
2026-02-09,601012,14:29:51,19.1800,69,2
2026-02-09,601012,14:29:54,19.1900,117,1
2026-02-09,601012,14:29:57,19.1800,74,2
2026-02-09,601012,14:30:00,19.1800,84,2
2026-02-09,601012,14:30:03,19.1900,178,1
2026-02-09,601012,14:30:07,19.1900,292,1
2026-02-09,601012,14:30:09,19.1800,79,2
2026-02-09,601012,14:30:12,19.1900,563,1
2026-02-09,601012,14:30:16,19.1800,134,2
2026-02-09,601012,14:30:19,19.1800,171,2
2026-02-09,601012,14:30:21,19.1900,47,1
2026-02-09,601012,14:30:24,19.1900,130,1
2026-02-09,601012,14:30:27,19.1800,467,2
2026-02-09,601012,14:30:30,19.1900,206,1
2026-02-09,601012,14:30:33,19.1900,91,1
2026-02-09,601012,14:30:36,19.1900,80,1
2026-02-09,601012,14:30:39,19.1900,221,1
2026-02-09,601012,14:30:43,19.1900,1823,1
2026-02-09,601012,14:30:45,19.1900,334,1
2026-02-09,601012,14:30:48,19.1900,243,2
2026-02-09,601012,14:30:51,19.1900,164,2
2026-02-09,601012,14:30:54,19.1900,166,2
2026-02-09,601012,14:30:57,19.1900,125,2
2026-02-09,601012,14:31:00,19.2000,1059,1
2026-02-09,601012,14:31:03,19.1900,182,2
2026-02-09,601012,14:31:06,19.1900,67,2
2026-02-09,601012,14:31:09,19.2000,32,1
2026-02-09,601012,14:31:12,19.2000,101,1
2026-02-09,601012,14:31:16,19.2000,151,1
2026-02-09,601012,14:31:18,19.2000,28,1
2026-02-09,601012,14:31:21,19.2000,15,1
2026-02-09,601012,14:31:24,19.1900,45,2
2026-02-09,601012,14:31:27,19.2000,258,1
2026-02-09,601012,14:31:31,19.2000,977,1
2026-02-09,601012,14:31:33,19.1900,164,2
2026-02-09,601012,14:31:36,19.1900,412,2
2026-02-09,601012,14:31:39,19.2000,145,1
2026-02-09,601012,14:31:42,19.2000,3190,1
2026-02-09,601012,14:31:46,19.2100,6923,1
2026-02-09,601012,14:31:48,19.2000,861,2
2026-02-09,601012,14:31:51,19.2100,212,1
2026-02-09,601012,14:31:54,19.2100,509,1
2026-02-09,601012,14:31:58,19.2100,181,1
2026-02-09,601012,14:32:00,19.2100,315,1
2026-02-09,601012,14:32:03,19.2200,415,1
2026-02-09,601012,14:32:06,19.2100,206,2
2026-02-09,601012,14:32:09,19.2200,221,1
2026-02-09,601012,14:32:12,19.2200,213,1
2026-02-09,601012,14:32:15,19.2200,103,1
2026-02-09,601012,14:32:18,19.2200,394,1
2026-02-09,601012,14:32:21,19.2200,226,1
2026-02-09,601012,14:32:24,19.2100,762,2
2026-02-09,601012,14:32:27,19.2200,310,1
2026-02-09,601012,14:32:30,19.2200,116,1
2026-02-09,601012,14:32:33,19.2200,856,1
2026-02-09,601012,14:32:36,19.2200,230,1
2026-02-09,601012,14:32:39,19.2200,109,1
2026-02-09,601012,14:32:42,19.2200,225,1
2026-02-09,601012,14:32:45,19.2100,1370,2
2026-02-09,601012,14:32:49,19.2100,66,2
2026-02-09,601012,14:32:52,19.2100,182,2
2026-02-09,601012,14:32:55,19.2100,172,2
2026-02-09,601012,14:32:58,19.2100,37,2
2026-02-09,601012,14:33:00,19.2200,792,1
2026-02-09,601012,14:33:03,19.2200,80,1
2026-02-09,601012,14:33:06,19.2200,200,1
2026-02-09,601012,14:33:09,19.2100,138,2
2026-02-09,601012,14:33:12,19.2100,103,2
2026-02-09,601012,14:33:15,19.2100,548,2
2026-02-09,601012,14:33:18,19.2100,172,2
2026-02-09,601012,14:33:21,19.2100,144,2
2026-02-09,601012,14:33:25,19.2100,113,2
2026-02-09,601012,14:33:28,19.2100,288,2
2026-02-09,601012,14:33:31,19.2100,210,2
2026-02-09,601012,14:33:33,19.2200,69,1
2026-02-09,601012,14:33:37,19.2100,358,2
2026-02-09,601012,14:33:39,19.2200,173,1
2026-02-09,601012,14:33:42,19.2100,88,2
2026-02-09,601012,14:33:45,19.2100,438,2
2026-02-09,601012,14:33:48,19.2100,283,2
2026-02-09,601012,14:33:51,19.2100,814,2
2026-02-09,601012,14:33:54,19.2100,286,1
2026-02-09,601012,14:33:57,19.2100,893,1
2026-02-09,601012,14:34:00,19.2100,211,1
2026-02-09,601012,14:34:03,19.2000,88,2
2026-02-09,601012,14:34:07,19.2100,296,1
2026-02-09,601012,14:34:10,19.2100,130,2
2026-02-09,601012,14:34:12,19.2100,1851,2
2026-02-09,601012,14:34:15,19.2100,105,1
2026-02-09,601012,14:34:19,19.2000,212,2
2026-02-09,601012,14:34:21,19.2100,159,1
2026-02-09,601012,14:34:25,19.2100,528,1
2026-02-09,601012,14:34:27,19.2000,355,2
2026-02-09,601012,14:34:30,19.2100,333,1
2026-02-09,601012,14:34:33,19.2000,264,2
2026-02-09,601012,14:34:36,19.2100,157,1
2026-02-09,601012,14:34:40,19.2100,513,1
2026-02-09,601012,14:34:42,19.2100,179,1
2026-02-09,601012,14:34:45,19.2100,134,2
2026-02-09,601012,14:34:48,19.2000,192,2
2026-02-09,601012,14:34:51,19.2100,138,1
2026-02-09,601012,14:34:54,19.2000,65,2
2026-02-09,601012,14:34:57,19.2100,266,1
2026-02-09,601012,14:35:00,19.2100,91,1
2026-02-09,601012,14:35:03,19.2100,276,1
2026-02-09,601012,14:35:07,19.2000,143,2
2026-02-09,601012,14:35:10,19.2000,233,2
2026-02-09,601012,14:35:12,19.2000,129,2
2026-02-09,601012,14:35:16,19.2000,266,2
2026-02-09,601012,14:35:18,19.2100,941,1
2026-02-09,601012,14:35:22,19.2000,402,2
2026-02-09,601012,14:35:24,19.2100,136,1
2026-02-09,601012,14:35:28,19.2200,124,1
2026-02-09,601012,14:35:30,19.2100,213,2
2026-02-09,601012,14:35:33,19.2200,92,1
2026-02-09,601012,14:35:36,19.2100,80,2
2026-02-09,601012,14:35:39,19.2100,192,2
2026-02-09,601012,14:35:42,19.2100,156,2
2026-02-09,601012,14:35:45,19.2200,201,1
2026-02-09,601012,14:35:48,19.2200,582,1
2026-02-09,601012,14:35:51,19.2200,335,1
2026-02-09,601012,14:35:55,19.2000,276,2
2026-02-09,601012,14:35:57,19.2100,144,1
2026-02-09,601012,14:36:01,19.2100,310,1
2026-02-09,601012,14:36:03,19.2100,261,1
2026-02-09,601012,14:36:06,19.2100,124,2
2026-02-09,601012,14:36:09,19.2100,143,1
2026-02-09,601012,14:36:12,19.2000,178,2
2026-02-09,601012,14:36:15,19.2100,176,1
2026-02-09,601012,14:36:18,19.2100,359,1
2026-02-09,601012,14:36:22,19.2100,190,1
2026-02-09,601012,14:36:24,19.2100,225,1
2026-02-09,601012,14:36:27,19.2100,122,1
2026-02-09,601012,14:36:30,19.2000,162,2
2026-02-09,601012,14:36:33,19.2100,334,1
2026-02-09,601012,14:36:36,19.2100,489,2
2026-02-09,601012,14:36:39,19.2100,325,2
2026-02-09,601012,14:36:42,19.2200,983,1
2026-02-09,601012,14:36:45,19.2200,423,1
2026-02-09,601012,14:36:48,19.2100,563,2
2026-02-09,601012,14:36:52,19.2200,409,1
2026-02-09,601012,14:36:54,19.2100,155,2
2026-02-09,601012,14:36:57,19.2200,175,1
2026-02-09,601012,14:37:00,19.2200,147,1
2026-02-09,601012,14:37:04,19.2100,254,2
2026-02-09,601012,14:37:06,19.2100,698,2
2026-02-09,601012,14:37:09,19.2100,69,4
2026-02-09,601012,14:37:12,19.2200,310,1
2026-02-09,601012,14:37:15,19.2200,286,1
2026-02-09,601012,14:37:18,19.2100,509,2
2026-02-09,601012,14:37:21,19.2200,237,1
2026-02-09,601012,14:37:24,19.2200,249,1
2026-02-09,601012,14:37:27,19.2100,54,2
2026-02-09,601012,14:37:30,19.2200,102,1
2026-02-09,601012,14:37:33,19.2100,179,2
2026-02-09,601012,14:37:36,19.2200,222,1
2026-02-09,601012,14:37:39,19.2200,49,1
2026-02-09,601012,14:37:42,19.2200,90,1
2026-02-09,601012,14:37:46,19.2100,233,2
2026-02-09,601012,14:37:48,19.2100,175,2
2026-02-09,601012,14:37:51,19.2200,123,1
2026-02-09,601012,14:37:54,19.2100,520,2
2026-02-09,601012,14:37:57,19.2200,195,1
2026-02-09,601012,14:38:00,19.2200,86,1
2026-02-09,601012,14:38:03,19.2200,308,1
2026-02-09,601012,14:38:06,19.2200,1727,1
2026-02-09,601012,14:38:09,19.2100,180,2
2026-02-09,601012,14:38:12,19.2200,224,1
2026-02-09,601012,14:38:15,19.2100,164,2
2026-02-09,601012,14:38:18,19.2200,597,1
2026-02-09,601012,14:38:21,19.2200,109,1
2026-02-09,601012,14:38:24,19.2200,316,1
2026-02-09,601012,14:38:27,19.2100,193,2
2026-02-09,601012,14:38:31,19.2200,160,1
2026-02-09,601012,14:38:33,19.2200,106,1
2026-02-09,601012,14:38:36,19.2100,88,2
2026-02-09,601012,14:38:39,19.2200,288,1
2026-02-09,601012,14:38:42,19.2100,128,2
2026-02-09,601012,14:38:45,19.2100,179,2
2026-02-09,601012,14:38:48,19.2200,666,1
2026-02-09,601012,14:38:52,19.2200,281,1
2026-02-09,601012,14:38:54,19.2200,92,1
2026-02-09,601012,14:38:57,19.2200,340,1
2026-02-09,601012,14:39:00,19.2200,349,1
2026-02-09,601012,14:39:03,19.2100,124,2
2026-02-09,601012,14:39:06,19.2100,160,2
2026-02-09,601012,14:39:09,19.2100,100,2
2026-02-09,601012,14:39:12,19.2100,139,2
2026-02-09,601012,14:39:15,19.2200,142,1
2026-02-09,601012,14:39:18,19.2200,257,1
2026-02-09,601012,14:39:21,19.2100,267,2
2026-02-09,601012,14:39:24,19.2100,154,2
2026-02-09,601012,14:39:27,19.2200,588,1
2026-02-09,601012,14:39:30,19.2200,271,1
2026-02-09,601012,14:39:34,19.2100,83,2
2026-02-09,601012,14:39:37,19.2200,322,1
2026-02-09,601012,14:39:40,19.2100,315,2
2026-02-09,601012,14:39:43,19.2100,304,2
2026-02-09,601012,14:39:45,19.2100,153,2
2026-02-09,601012,14:39:49,19.2100,456,2
2026-02-09,601012,14:39:51,19.2100,206,2
2026-02-09,601012,14:39:54,19.2100,620,2
2026-02-09,601012,14:39:57,19.2200,199,1
2026-02-09,601012,14:40:00,19.2100,260,2
2026-02-09,601012,14:40:03,19.2100,187,1
2026-02-09,601012,14:40:06,19.2100,198,1
2026-02-09,601012,14:40:09,19.2100,58,1
2026-02-09,601012,14:40:13,19.2100,474,1
2026-02-09,601012,14:40:15,19.2000,149,2
2026-02-09,601012,14:40:18,19.2100,485,1
2026-02-09,601012,14:40:21,19.2100,163,1
2026-02-09,601012,14:40:24,19.2000,57,2
2026-02-09,601012,14:40:27,19.2000,84,2
2026-02-09,601012,14:40:30,19.2000,162,2
2026-02-09,601012,14:40:33,19.2000,447,2
2026-02-09,601012,14:40:37,19.2100,211,1
2026-02-09,601012,14:40:40,19.2000,161,2
2026-02-09,601012,14:40:43,19.2000,218,2
2026-02-09,601012,14:40:45,19.2000,471,2
2026-02-09,601012,14:40:48,19.2000,253,2
2026-02-09,601012,14:40:51,19.2000,258,2
2026-02-09,601012,14:40:55,19.2000,178,2
2026-02-09,601012,14:40:57,19.2100,89,1
2026-02-09,601012,14:41:00,19.2000,434,2
2026-02-09,601012,14:41:04,19.2000,186,2
2026-02-09,601012,14:41:07,19.2100,135,1
2026-02-09,601012,14:41:09,19.2100,136,1
2026-02-09,601012,14:41:12,19.2100,275,1
2026-02-09,601012,14:41:15,19.2100,332,1
2026-02-09,601012,14:41:18,19.2100,85,1
2026-02-09,601012,14:41:21,19.2100,239,1
2026-02-09,601012,14:41:25,19.2100,217,1
2026-02-09,601012,14:41:27,19.2100,348,1
2026-02-09,601012,14:41:30,19.2000,220,2
2026-02-09,601012,14:41:33,19.2000,133,2
2026-02-09,601012,14:41:36,19.2100,216,1
2026-02-09,601012,14:41:39,19.2000,1399,2
2026-02-09,601012,14:41:42,19.2100,122,1
2026-02-09,601012,14:41:45,19.2000,423,2
2026-02-09,601012,14:41:49,19.2000,403,2
2026-02-09,601012,14:41:51,19.2100,155,1
2026-02-09,601012,14:41:55,19.2100,293,1
2026-02-09,601012,14:41:57,19.2000,476,2
2026-02-09,601012,14:42:00,19.2000,458,2
2026-02-09,601012,14:42:03,19.2100,889,1
2026-02-09,601012,14:42:06,19.2100,189,1
2026-02-09,601012,14:42:09,19.2000,128,2
2026-02-09,601012,14:42:12,19.2000,152,2
2026-02-09,601012,14:42:16,19.2100,203,1
2026-02-09,601012,14:42:18,19.2000,240,2
2026-02-09,601012,14:42:22,19.2100,210,1
2026-02-09,601012,14:42:25,19.2000,352,2
2026-02-09,601012,14:42:27,19.2100,195,1
2026-02-09,601012,14:42:30,19.2100,514,1
2026-02-09,601012,14:42:33,19.2000,319,2
2026-02-09,601012,14:42:36,19.2000,683,2
2026-02-09,601012,14:42:39,19.2000,77,2
2026-02-09,601012,14:42:42,19.2100,222,1
2026-02-09,601012,14:42:45,19.2100,659,1
2026-02-09,601012,14:42:48,19.2000,237,2
2026-02-09,601012,14:42:51,19.2000,253,2
2026-02-09,601012,14:42:54,19.2100,201,1
2026-02-09,601012,14:42:57,19.2100,323,1
2026-02-09,601012,14:43:00,19.2000,197,2
2026-02-09,601012,14:43:03,19.2100,330,1
2026-02-09,601012,14:43:06,19.2100,597,1
2026-02-09,601012,14:43:10,19.2000,442,2
2026-02-09,601012,14:43:12,19.2000,164,2
2026-02-09,601012,14:43:15,19.2000,145,2
2026-02-09,601012,14:43:18,19.2100,447,1
2026-02-09,601012,14:43:21,19.2000,305,2
2026-02-09,601012,14:43:24,19.2100,261,1
2026-02-09,601012,14:43:27,19.2100,678,1
2026-02-09,601012,14:43:30,19.2000,288,2
2026-02-09,601012,14:43:33,19.2100,398,1
2026-02-09,601012,14:43:37,19.2000,1781,2
2026-02-09,601012,14:43:39,19.2000,586,2
2026-02-09,601012,14:43:43,19.2000,343,2
2026-02-09,601012,14:43:45,19.2000,498,2
2026-02-09,601012,14:43:49,19.2000,473,2
2026-02-09,601012,14:43:52,19.2000,282,1
2026-02-09,601012,14:43:54,19.2000,1813,1
2026-02-09,601012,14:43:57,19.2000,208,1
2026-02-09,601012,14:44:00,19.1900,2181,2
2026-02-09,601012,14:44:03,19.1900,125,1
2026-02-09,601012,14:44:07,19.1900,296,1
2026-02-09,601012,14:44:10,19.1800,216,2
2026-02-09,601012,14:44:12,19.1900,402,1
2026-02-09,601012,14:44:15,19.1900,269,1
2026-02-09,601012,14:44:18,19.1900,989,1
2026-02-09,601012,14:44:21,19.1900,381,1
2026-02-09,601012,14:44:24,19.1900,235,2
2026-02-09,601012,14:44:27,19.1900,133,2
2026-02-09,601012,14:44:30,19.1900,153,2
2026-02-09,601012,14:44:33,19.1900,531,2
2026-02-09,601012,14:44:36,19.1900,409,2
2026-02-09,601012,14:44:39,19.1900,269,2
2026-02-09,601012,14:44:42,19.1900,436,2
2026-02-09,601012,14:44:45,19.2000,380,1
2026-02-09,601012,14:44:48,19.1900,4728,2
2026-02-09,601012,14:44:51,19.1900,157,1
2026-02-09,601012,14:44:54,19.1900,229,1
2026-02-09,601012,14:44:57,19.1900,144,1
2026-02-09,601012,14:45:00,19.1900,234,2
2026-02-09,601012,14:45:03,19.1800,241,2
2026-02-09,601012,14:45:06,19.1900,763,1
2026-02-09,601012,14:45:09,19.1900,758,1
2026-02-09,601012,14:45:12,19.1800,646,2
2026-02-09,601012,14:45:15,19.1900,318,1
2026-02-09,601012,14:45:18,19.1900,2206,1
2026-02-09,601012,14:45:21,19.1900,439,2
2026-02-09,601012,14:45:25,19.1900,135,2
2026-02-09,601012,14:45:27,19.1900,522,2
2026-02-09,601012,14:45:30,19.1900,325,2
2026-02-09,601012,14:45:33,19.1900,386,2
2026-02-09,601012,14:45:36,19.1900,400,2
2026-02-09,601012,14:45:39,19.1900,256,2
2026-02-09,601012,14:45:42,19.1900,216,2
2026-02-09,601012,14:45:45,19.1900,216,2
2026-02-09,601012,14:45:48,19.1900,459,2
2026-02-09,601012,14:45:52,19.1900,222,2
2026-02-09,601012,14:45:54,19.1900,283,2
2026-02-09,601012,14:45:58,19.2000,312,1
2026-02-09,601012,14:46:00,19.1900,417,2
2026-02-09,601012,14:46:03,19.2000,335,1
2026-02-09,601012,14:46:06,19.2000,1221,1
2026-02-09,601012,14:46:09,19.2000,409,1
2026-02-09,601012,14:46:12,19.1900,158,2
2026-02-09,601012,14:46:15,19.1900,87,2
2026-02-09,601012,14:46:18,19.1900,122,2
2026-02-09,601012,14:46:21,19.1900,414,2
2026-02-09,601012,14:46:24,19.2000,152,1
2026-02-09,601012,14:46:27,19.2000,390,1
2026-02-09,601012,14:46:30,19.2000,180,1
2026-02-09,601012,14:46:34,19.2000,238,1
2026-02-09,601012,14:46:36,19.2000,618,1
2026-02-09,601012,14:46:40,19.2000,321,1
2026-02-09,601012,14:46:42,19.2000,268,1
2026-02-09,601012,14:46:45,19.2000,233,1
2026-02-09,601012,14:46:48,19.2000,135,1
2026-02-09,601012,14:46:51,19.1900,231,2
2026-02-09,601012,14:46:54,19.2000,318,1
2026-02-09,601012,14:46:57,19.2000,249,1
2026-02-09,601012,14:47:00,19.1900,429,2
2026-02-09,601012,14:47:03,19.1900,289,2
2026-02-09,601012,14:47:06,19.1900,1054,2
2026-02-09,601012,14:47:10,19.1900,446,2
2026-02-09,601012,14:47:12,19.1900,509,2
2026-02-09,601012,14:47:15,19.2000,479,1
2026-02-09,601012,14:47:18,19.1900,371,2
2026-02-09,601012,14:47:21,19.1900,286,2
2026-02-09,601012,14:47:25,19.1900,209,2
2026-02-09,601012,14:47:27,19.1900,270,2
2026-02-09,601012,14:47:30,19.1900,204,2
2026-02-09,601012,14:47:33,19.1900,187,2
2026-02-09,601012,14:47:37,19.1900,397,2
2026-02-09,601012,14:47:39,19.1900,380,2
2026-02-09,601012,14:47:42,19.1900,249,2
2026-02-09,601012,14:47:45,19.1900,472,2
2026-02-09,601012,14:47:48,19.1900,760,2
2026-02-09,601012,14:47:51,19.1900,480,1
2026-02-09,601012,14:47:55,19.1900,527,2
2026-02-09,601012,14:47:57,19.1900,304,2
2026-02-09,601012,14:48:00,19.1900,406,2
2026-02-09,601012,14:48:03,19.1900,457,2
2026-02-09,601012,14:48:06,19.1900,681,2
2026-02-09,601012,14:48:09,19.1900,417,2
2026-02-09,601012,14:48:12,19.1900,269,2
2026-02-09,601012,14:48:15,19.2000,348,1
2026-02-09,601012,14:48:18,19.1900,231,2
2026-02-09,601012,14:48:22,19.1800,192,2
2026-02-09,601012,14:48:24,19.1900,180,1
2026-02-09,601012,14:48:27,19.1900,165,2
2026-02-09,601012,14:48:30,19.1900,285,2
2026-02-09,601012,14:48:33,19.1900,277,2
2026-02-09,601012,14:48:36,19.1900,324,2
2026-02-09,601012,14:48:39,19.1900,370,2
2026-02-09,601012,14:48:43,19.1900,992,2
2026-02-09,601012,14:48:45,19.1900,268,2
2026-02-09,601012,14:48:48,19.1900,906,2
2026-02-09,601012,14:48:52,19.1900,731,1
2026-02-09,601012,14:48:54,19.1900,517,1
2026-02-09,601012,14:48:57,19.1900,303,1
2026-02-09,601012,14:49:00,19.1900,429,1
2026-02-09,601012,14:49:03,19.1900,679,1
2026-02-09,601012,14:49:06,19.2000,578,1
2026-02-09,601012,14:49:09,19.1900,613,2
2026-02-09,601012,14:49:12,19.1900,137,2
2026-02-09,601012,14:49:15,19.1900,328,2
2026-02-09,601012,14:49:18,19.1900,541,2
2026-02-09,601012,14:49:22,19.1900,815,2
2026-02-09,601012,14:49:24,19.1900,878,2
2026-02-09,601012,14:49:27,19.1900,399,1
2026-02-09,601012,14:49:30,19.1800,456,2
2026-02-09,601012,14:49:33,19.1900,390,1
2026-02-09,601012,14:49:36,19.1800,765,2
2026-02-09,601012,14:49:40,19.1900,366,1
2026-02-09,601012,14:49:43,19.1900,909,1
2026-02-09,601012,14:49:45,19.1900,520,1
2026-02-09,601012,14:49:48,19.1800,1169,2
2026-02-09,601012,14:49:52,19.1900,430,1
2026-02-09,601012,14:49:54,19.1800,466,2
2026-02-09,601012,14:49:57,19.1800,400,2
2026-02-09,601012,14:50:00,19.1900,1373,1
2026-02-09,601012,14:50:03,19.1800,627,2
2026-02-09,601012,14:50:06,19.1800,417,2
2026-02-09,601012,14:50:09,19.1900,331,1
2026-02-09,601012,14:50:12,19.1800,886,2
2026-02-09,601012,14:50:15,19.1900,611,1
2026-02-09,601012,14:50:18,19.1900,706,1
2026-02-09,601012,14:50:21,19.1800,838,2
2026-02-09,601012,14:50:24,19.1900,373,1
2026-02-09,601012,14:50:27,19.1800,342,2
2026-02-09,601012,14:50:30,19.1800,200,2
2026-02-09,601012,14:50:33,19.1900,859,1
2026-02-09,601012,14:50:36,19.1900,423,1
2026-02-09,601012,14:50:39,19.1900,484,1
2026-02-09,601012,14:50:42,19.1900,370,1
2026-02-09,601012,14:50:45,19.1900,470,1
2026-02-09,601012,14:50:49,19.1800,348,2
2026-02-09,601012,14:50:51,19.1800,431,2
2026-02-09,601012,14:50:54,19.1800,1234,2
2026-02-09,601012,14:50:57,19.1800,765,2
2026-02-09,601012,14:51:00,19.1800,633,2
2026-02-09,601012,14:51:03,19.1800,781,2
2026-02-09,601012,14:51:06,19.1900,784,1
2026-02-09,601012,14:51:10,19.1800,487,2
2026-02-09,601012,14:51:12,19.1800,488,2
2026-02-09,601012,14:51:15,19.1800,691,2
2026-02-09,601012,14:51:19,19.1800,1009,2
2026-02-09,601012,14:51:21,19.1800,935,2
2026-02-09,601012,14:51:25,19.1800,787,2
2026-02-09,601012,14:51:27,19.1800,936,2
2026-02-09,601012,14:51:30,19.1800,696,1
2026-02-09,601012,14:51:33,19.1800,397,1
2026-02-09,601012,14:51:36,19.1700,647,2
2026-02-09,601012,14:51:39,19.1800,751,1
2026-02-09,601012,14:51:42,19.1800,560,2
2026-02-09,601012,14:51:45,19.1700,537,2
2026-02-09,601012,14:51:48,19.1800,525,1
2026-02-09,601012,14:51:52,19.1800,358,1
2026-02-09,601012,14:51:54,19.1800,716,1
2026-02-09,601012,14:51:58,19.1800,915,1
2026-02-09,601012,14:52:01,19.1800,644,4
2026-02-09,601012,14:52:03,19.1800,711,2
2026-02-09,601012,14:52:06,19.1800,461,2
2026-02-09,601012,14:52:09,19.1800,335,2
2026-02-09,601012,14:52:13,19.1800,777,2
2026-02-09,601012,14:52:16,19.1800,691,2
2026-02-09,601012,14:52:18,19.1800,1050,2
2026-02-09,601012,14:52:22,19.1800,891,1
2026-02-09,601012,14:52:24,19.1800,478,1
2026-02-09,601012,14:52:27,19.1700,1224,2
2026-02-09,601012,14:52:30,19.1800,1030,1
2026-02-09,601012,14:52:33,19.1800,1156,2
2026-02-09,601012,14:52:37,19.1800,913,2
2026-02-09,601012,14:52:39,19.1800,577,2
2026-02-09,601012,14:52:42,19.1900,717,1
2026-02-09,601012,14:52:46,19.1800,1226,2
2026-02-09,601012,14:52:48,19.1800,2760,2
2026-02-09,601012,14:52:51,19.1800,1036,2
2026-02-09,601012,14:52:55,19.1900,1114,1
2026-02-09,601012,14:52:57,19.1800,410,2
2026-02-09,601012,14:53:00,19.1900,879,1
2026-02-09,601012,14:53:03,19.1900,510,1
2026-02-09,601012,14:53:06,19.1800,324,2
2026-02-09,601012,14:53:09,19.1800,218,2
2026-02-09,601012,14:53:12,19.1800,749,2
2026-02-09,601012,14:53:15,19.1900,598,1
2026-02-09,601012,14:53:18,19.1800,475,2
2026-02-09,601012,14:53:21,19.1800,656,2
2026-02-09,601012,14:53:24,19.1800,616,2
2026-02-09,601012,14:53:28,19.1800,199,2
2026-02-09,601012,14:53:30,19.1800,571,2
2026-02-09,601012,14:53:33,19.1800,253,2
2026-02-09,601012,14:53:36,19.1800,591,2
2026-02-09,601012,14:53:39,19.1800,725,2
2026-02-09,601012,14:53:42,19.1900,1193,1
2026-02-09,601012,14:53:45,19.1900,511,1
2026-02-09,601012,14:53:48,19.1900,389,1
2026-02-09,601012,14:53:51,19.1900,1342,1
2026-02-09,601012,14:53:54,19.1900,354,1
2026-02-09,601012,14:53:57,19.1900,900,1
2026-02-09,601012,14:54:01,19.1800,635,2
2026-02-09,601012,14:54:03,19.1800,527,2
2026-02-09,601012,14:54:06,19.1900,820,1
2026-02-09,601012,14:54:09,19.1800,700,2
2026-02-09,601012,14:54:12,19.1800,516,2
2026-02-09,601012,14:54:15,19.1800,1004,2
2026-02-09,601012,14:54:18,19.1900,921,1
2026-02-09,601012,14:54:21,19.1800,1253,2
2026-02-09,601012,14:54:24,19.1800,524,2
2026-02-09,601012,14:54:27,19.1900,588,1
2026-02-09,601012,14:54:30,19.1900,737,1
2026-02-09,601012,14:54:33,19.1900,728,1
2026-02-09,601012,14:54:36,19.1800,960,2
2026-02-09,601012,14:54:39,19.1900,397,1
2026-02-09,601012,14:54:42,19.1800,1518,2
2026-02-09,601012,14:54:45,19.1900,726,1
2026-02-09,601012,14:54:48,19.1900,538,1
2026-02-09,601012,14:54:51,19.1800,940,2
2026-02-09,601012,14:54:54,19.1800,716,2
2026-02-09,601012,14:54:57,19.1900,1296,1
2026-02-09,601012,14:55:00,19.1900,886,1
2026-02-09,601012,14:55:03,19.1800,796,2
2026-02-09,601012,14:55:06,19.1900,957,1
2026-02-09,601012,14:55:09,19.1800,650,2
2026-02-09,601012,14:55:12,19.1900,867,1
2026-02-09,601012,14:55:15,19.1900,906,1
2026-02-09,601012,14:55:18,19.1800,1616,2
2026-02-09,601012,14:55:21,19.1800,753,2
2026-02-09,601012,14:55:24,19.1800,1469,2
2026-02-09,601012,14:55:27,19.1800,1833,2
2026-02-09,601012,14:55:30,19.1800,860,2
2026-02-09,601012,14:55:33,19.1900,1428,1
2026-02-09,601012,14:55:36,19.1800,783,2
2026-02-09,601012,14:55:39,19.1800,705,2
2026-02-09,601012,14:55:42,19.1800,652,2
2026-02-09,601012,14:55:46,19.1800,1342,2
2026-02-09,601012,14:55:48,19.1800,735,2
2026-02-09,601012,14:55:52,19.1800,1261,2
2026-02-09,601012,14:55:54,19.1900,1229,1
2026-02-09,601012,14:55:58,19.1800,2173,2
2026-02-09,601012,14:56:00,19.1900,1265,1
2026-02-09,601012,14:56:03,19.1900,592,1
2026-02-09,601012,14:56:06,19.1800,794,2
2026-02-09,601012,14:56:09,19.1800,1399,2
2026-02-09,601012,14:56:12,19.1800,1314,2
2026-02-09,601012,14:56:15,19.1800,1567,2
2026-02-09,601012,14:56:18,19.1900,3727,1
2026-02-09,601012,14:56:21,19.1800,535,4
2026-02-09,601012,14:56:24,19.1900,1486,1
2026-02-09,601012,14:56:27,19.1800,1235,2
2026-02-09,601012,14:56:30,19.1800,716,1
2026-02-09,601012,14:56:34,19.1900,1755,1
2026-02-09,601012,14:56:37,19.1800,640,2
2026-02-09,601012,14:56:39,19.1900,503,1
2026-02-09,601012,14:56:42,19.1800,889,2
2026-02-09,601012,14:56:45,19.1900,728,1
2026-02-09,601012,14:56:48,19.1800,879,2
2026-02-09,601012,14:56:51,19.1800,1570,2
2026-02-09,601012,14:56:54,19.1900,1123,1
2026-02-09,601012,14:56:57,19.1800,836,2
2026-02-09,601012,14:57:00,19.1800,716,2
2026-02-09,601012,15:00:03,19.1800,40812,4
2026-02-09,601012,13:17:06,19.1500,520,2
2026-02-09,601012,13:17:09,19.1600,410,1
2026-02-09,601012,13:17:12,19.1500,221,2
2026-02-09,601012,13:17:15,19.1500,211,2
2026-02-09,601012,13:17:18,19.1600,202,1
2026-02-09,601012,13:17:21,19.1500,594,2
2026-02-09,601012,13:17:24,19.1500,601,2
2026-02-09,601012,13:17:27,19.1500,237,2
2026-02-09,601012,13:17:30,19.1400,217,2
2026-02-09,601012,13:17:33,19.1400,245,2
2026-02-09,601012,13:17:36,19.1400,255,2
2026-02-09,601012,13:17:39,19.1400,408,2
2026-02-09,601012,13:17:42,19.1400,1960,2
2026-02-09,601012,13:17:45,19.1400,173,1
2026-02-09,601012,13:17:48,19.1300,405,2
2026-02-09,601012,13:17:52,19.1300,2369,2
2026-02-09,601012,13:17:54,19.1200,570,2
2026-02-09,601012,13:17:58,19.1200,391,2
2026-02-09,601012,13:18:01,19.1200,1168,2
2026-02-09,601012,13:18:04,19.1200,760,2
2026-02-09,601012,13:18:07,19.1200,544,2
2026-02-09,601012,13:18:09,19.1300,2164,1
2026-02-09,601012,13:18:12,19.1300,1431,1
2026-02-09,601012,13:18:15,19.1300,1283,2
2026-02-09,601012,13:18:19,19.1300,198,2
2026-02-09,601012,13:18:22,19.1300,462,2
2026-02-09,601012,13:18:24,19.1300,499,2
2026-02-09,601012,13:18:27,19.1300,1081,2
2026-02-09,601012,13:18:31,19.1300,1579,2
2026-02-09,601012,13:18:33,19.1500,829,1
2026-02-09,601012,13:18:36,19.1400,384,4
2026-02-09,601012,13:18:39,19.1500,201,1
2026-02-09,601012,13:18:42,19.1500,238,1
2026-02-09,601012,13:18:45,19.1400,575,2
2026-02-09,601012,13:18:48,19.1400,144,1
2026-02-09,601012,13:18:51,19.1400,524,1
2026-02-09,601012,13:18:54,19.1500,128,1
2026-02-09,601012,13:18:57,19.1400,224,2
2026-02-09,601012,13:19:00,19.1400,344,2
2026-02-09,601012,13:19:04,19.1400,198,2
2026-02-09,601012,13:19:07,19.1400,448,2
2026-02-09,601012,13:19:10,19.1400,133,2
2026-02-09,601012,13:19:12,19.1400,98,2
2026-02-09,601012,13:19:15,19.1400,68,2
2026-02-09,601012,13:19:19,19.1400,213,2
2026-02-09,601012,13:19:22,19.1500,163,1
2026-02-09,601012,13:19:24,19.1400,141,2
2026-02-09,601012,13:19:27,19.1400,269,2
2026-02-09,601012,13:19:30,19.1500,68,1
2026-02-09,601012,13:19:33,19.1500,170,1
2026-02-09,601012,13:19:36,19.1500,184,1
2026-02-09,601012,13:19:39,19.1400,202,2
2026-02-09,601012,13:19:42,19.1400,134,2
2026-02-09,601012,13:19:45,19.1500,252,1
2026-02-09,601012,13:19:48,19.1500,2265,1
2026-02-09,601012,13:19:51,19.1500,148,1
2026-02-09,601012,13:19:55,19.1500,436,1
2026-02-09,601012,13:19:57,19.1500,263,1
2026-02-09,601012,13:20:00,19.1500,559,1
2026-02-09,601012,13:20:03,19.1400,164,2
2026-02-09,601012,13:20:06,19.1400,229,2
2026-02-09,601012,13:20:09,19.1400,166,2
2026-02-09,601012,13:20:12,19.1400,270,2
2026-02-09,601012,13:20:15,19.1400,154,2
2026-02-09,601012,13:20:18,19.1500,227,1
2026-02-09,601012,13:20:22,19.1400,1283,2
2026-02-09,601012,13:20:24,19.1500,756,4
2026-02-09,601012,13:20:27,19.1500,470,2
2026-02-09,601012,13:20:30,19.1500,128,2
2026-02-09,601012,13:20:34,19.1500,259,2
2026-02-09,601012,13:20:36,19.1500,231,2
2026-02-09,601012,13:20:39,19.1600,374,1
2026-02-09,601012,13:20:42,19.1600,176,1
2026-02-09,601012,13:20:46,19.1600,556,1
2026-02-09,601012,13:20:48,19.1500,133,2
2026-02-09,601012,13:20:51,19.1600,68,1
2026-02-09,601012,13:20:54,19.1600,121,2
2026-02-09,601012,13:20:57,19.1700,286,1
2026-02-09,601012,13:21:00,19.1700,184,1
2026-02-09,601012,13:21:04,19.1700,133,2
2026-02-09,601012,13:21:07,19.1800,54,1
2026-02-09,601012,13:21:09,19.1700,227,2
2026-02-09,601012,13:21:12,19.1800,235,1
2026-02-09,601012,13:21:15,19.1700,165,2
2026-02-09,601012,13:21:19,19.1800,348,1
2026-02-09,601012,13:21:22,19.1800,192,1
2026-02-09,601012,13:21:25,19.1800,141,1
2026-02-09,601012,13:21:28,19.1800,167,1
2026-02-09,601012,13:21:30,19.1800,332,1
2026-02-09,601012,13:21:33,19.1900,213,1
2026-02-09,601012,13:21:36,19.1800,59,2
2026-02-09,601012,13:21:39,19.1800,78,2
2026-02-09,601012,13:21:42,19.1800,271,2
2026-02-09,601012,13:21:45,19.1900,298,1
2026-02-09,601012,13:21:48,19.1900,282,1
2026-02-09,601012,13:21:51,19.1900,1318,1
2026-02-09,601012,13:21:54,19.1900,338,1
2026-02-09,601012,13:21:57,19.1900,107,1
2026-02-09,601012,13:22:00,19.1900,61,2
2026-02-09,601012,13:22:03,19.1900,53,2
2026-02-09,601012,13:22:06,19.1900,386,2
2026-02-09,601012,13:22:09,19.1900,587,2
2026-02-09,601012,13:22:13,19.1900,324,1
2026-02-09,601012,13:22:15,19.1900,227,2
2026-02-09,601012,13:22:18,19.1900,995,2
2026-02-09,601012,13:22:22,19.2000,398,1
2026-02-09,601012,13:22:24,19.1900,146,2
2026-02-09,601012,13:22:27,19.2000,53,1
2026-02-09,601012,13:22:30,19.2100,176,1
2026-02-09,601012,13:22:33,19.2100,868,1
2026-02-09,601012,13:22:36,19.2100,120,1
2026-02-09,601012,13:22:40,19.2100,208,1
2026-02-09,601012,13:22:43,19.2000,226,2
2026-02-09,601012,13:22:45,19.2000,256,2
2026-02-09,601012,13:22:48,19.2000,216,2
2026-02-09,601012,13:22:51,19.2000,174,1
2026-02-09,601012,13:22:54,19.1900,233,2
2026-02-09,601012,13:22:57,19.2000,208,2
2026-02-09,601012,13:23:01,19.2000,198,2
2026-02-09,601012,13:23:03,19.1900,238,2
2026-02-09,601012,13:23:07,19.1900,211,2
2026-02-09,601012,13:23:09,19.1900,303,2
2026-02-09,601012,13:23:12,19.2000,142,1
2026-02-09,601012,13:23:15,19.1900,361,2
2026-02-09,601012,13:23:19,19.2000,744,1
2026-02-09,601012,13:23:22,19.2000,153,2
2026-02-09,601012,13:23:24,19.2000,113,2
2026-02-09,601012,13:23:27,19.2000,140,1
2026-02-09,601012,13:23:30,19.2100,33,1
2026-02-09,601012,13:23:34,19.1900,195,2
2026-02-09,601012,13:23:37,19.2100,101,1
2026-02-09,601012,13:23:39,19.2000,171,2
2026-02-09,601012,13:23:42,19.2100,82,1
2026-02-09,601012,13:23:46,19.2000,512,2
2026-02-09,601012,13:23:49,19.2000,122,1
2026-02-09,601012,13:23:51,19.2000,1312,1
2026-02-09,601012,13:23:54,19.2000,224,1
2026-02-09,601012,13:23:57,19.1900,132,2
2026-02-09,601012,13:24:01,19.2000,266,1
2026-02-09,601012,13:24:03,19.2000,307,1
2026-02-09,601012,13:24:06,19.1900,127,2
2026-02-09,601012,13:24:10,19.2000,144,2
2026-02-09,601012,13:24:12,19.2000,54,1
2026-02-09,601012,13:24:16,19.2000,448,1
2026-02-09,601012,13:24:18,19.2000,90,1
2026-02-09,601012,13:24:21,19.2000,89,1
2026-02-09,601012,13:24:24,19.2000,74,1
2026-02-09,601012,13:24:27,19.2000,187,1
2026-02-09,601012,13:24:30,19.2000,176,1
2026-02-09,601012,13:24:34,19.2000,233,1
2026-02-09,601012,13:24:36,19.1900,100,2
2026-02-09,601012,13:24:40,19.2000,54,2
2026-02-09,601012,13:24:43,19.2000,264,2
2026-02-09,601012,13:24:45,19.2000,143,2
2026-02-09,601012,13:24:48,19.2000,203,2
2026-02-09,601012,13:24:52,19.2000,361,2
2026-02-09,601012,13:24:55,19.2000,497,2
2026-02-09,601012,13:24:57,19.2000,101,1
2026-02-09,601012,13:25:01,19.1900,211,2
2026-02-09,601012,13:25:03,19.2000,83,1
2026-02-09,601012,13:25:06,19.1900,112,2
2026-02-09,601012,13:25:09,19.2000,75,1
2026-02-09,601012,13:25:12,19.2000,135,1
2026-02-09,601012,13:25:15,19.1900,99,2
2026-02-09,601012,13:25:19,19.2000,1401,1
2026-02-09,601012,13:25:21,19.2000,195,2
2026-02-09,601012,13:25:24,19.2000,280,2
2026-02-09,601012,13:25:27,19.2100,121,1
2026-02-09,601012,13:25:30,19.2100,325,1
2026-02-09,601012,13:25:34,19.2100,231,1
2026-02-09,601012,13:25:36,19.2000,118,2
2026-02-09,601012,13:25:39,19.2200,1652,1
2026-02-09,601012,13:25:43,19.2200,336,2
2026-02-09,601012,13:25:46,19.2300,638,1
2026-02-09,601012,13:25:48,19.2400,243,1
2026-02-09,601012,13:25:51,19.2400,54,2
2026-02-09,601012,13:25:54,19.2400,684,2
2026-02-09,601012,13:25:57,19.2500,93,1
2026-02-09,601012,13:26:00,19.2500,651,1
2026-02-09,601012,13:26:03,19.2500,425,1
2026-02-09,601012,13:26:07,19.2500,365,1
2026-02-09,601012,13:26:10,19.2500,1816,2
2026-02-09,601012,13:26:12,19.2400,153,4
2026-02-09,601012,13:26:15,19.2400,736,1
2026-02-09,601012,13:26:18,19.2400,339,1
2026-02-09,601012,13:26:21,19.2400,236,1
2026-02-09,601012,13:26:24,19.2400,145,2
2026-02-09,601012,13:26:28,19.2500,123,1
2026-02-09,601012,13:26:30,19.2400,1091,2
2026-02-09,601012,13:26:33,19.2400,128,1
2026-02-09,601012,13:26:36,19.2500,543,1
2026-02-09,601012,13:26:39,19.2400,38,2
2026-02-09,601012,13:26:42,19.2500,102,1
2026-02-09,601012,13:26:45,19.2500,161,1
2026-02-09,601012,13:26:48,19.2500,190,1
2026-02-09,601012,13:26:52,19.2500,412,1
2026-02-09,601012,13:26:54,19.2500,218,1
2026-02-09,601012,13:26:58,19.2500,77,2
2026-02-09,601012,13:27:00,19.2400,1614,2
2026-02-09,601012,13:27:03,19.2400,100,1
2026-02-09,601012,13:27:06,19.2400,188,1
2026-02-09,601012,13:27:10,19.2500,141,1
2026-02-09,601012,13:27:12,19.2500,389,1
2026-02-09,601012,13:27:15,19.2400,162,2
2026-02-09,601012,13:27:18,19.2400,121,2
2026-02-09,601012,13:27:22,19.2500,150,1
2026-02-09,601012,13:27:24,19.2500,34,1
2026-02-09,601012,13:27:27,19.2400,240,2
2026-02-09,601012,13:27:30,19.2500,309,1
2026-02-09,601012,13:27:33,19.2400,240,2
2026-02-09,601012,13:27:36,19.2500,26,1
2026-02-09,601012,13:27:39,19.2500,138,1
2026-02-09,601012,13:27:43,19.2500,362,1
2026-02-09,601012,13:27:45,19.2400,161,2
2026-02-09,601012,13:27:49,19.2400,138,2
2026-02-09,601012,13:27:51,19.2500,53,1
2026-02-09,601012,13:27:54,19.2500,30,1
2026-02-09,601012,13:27:57,19.2500,117,2
2026-02-09,601012,13:28:00,19.2500,330,2
2026-02-09,601012,13:28:04,19.2500,293,2
2026-02-09,601012,13:28:06,19.2500,122,1
2026-02-09,601012,13:28:09,19.2400,531,2
2026-02-09,601012,13:28:12,19.2500,68,1
2026-02-09,601012,13:28:16,19.2400,89,2
2026-02-09,601012,13:28:19,19.2400,42,2
2026-02-09,601012,13:28:21,19.2400,232,2
2026-02-09,601012,13:28:24,19.2400,121,4
2026-02-09,601012,13:28:27,19.2400,34,2
2026-02-09,601012,13:28:30,19.2400,67,1
2026-02-09,601012,13:28:34,19.2400,295,1
2026-02-09,601012,13:28:36,19.2400,116,2
2026-02-09,601012,13:28:40,19.2400,107,2
2026-02-09,601012,13:28:42,19.2400,626,1
2026-02-09,601012,13:28:45,19.2400,245,1
2026-02-09,601012,13:28:48,19.2300,531,2
2026-02-09,601012,13:28:52,19.2300,362,2
2026-02-09,601012,13:28:55,19.2300,629,2
2026-02-09,601012,13:28:57,19.2300,49,1
2026-02-09,601012,13:29:00,19.2200,140,2
2026-02-09,601012,13:29:03,19.2200,477,2
2026-02-09,601012,13:29:07,19.2200,256,2
2026-02-09,601012,13:29:09,19.2300,44,1
2026-02-09,601012,13:29:12,19.2200,167,2
2026-02-09,601012,13:29:15,19.2200,90,2
2026-02-09,601012,13:29:18,19.2200,150,1
2026-02-09,601012,13:29:21,19.2200,65,1
2026-02-09,601012,13:29:25,19.2200,214,2
2026-02-09,601012,13:29:28,19.2200,55,2
2026-02-09,601012,13:29:31,19.2300,177,1
2026-02-09,601012,13:29:33,19.2300,115,1
2026-02-09,601012,13:29:36,19.2200,223,2
2026-02-09,601012,13:29:39,19.2200,123,2
2026-02-09,601012,13:29:42,19.2200,86,2
2026-02-09,601012,13:29:45,19.2200,113,2
2026-02-09,601012,13:29:49,19.2300,156,1
2026-02-09,601012,13:29:51,19.2200,222,2
2026-02-09,601012,13:29:54,19.2100,51,2
2026-02-09,601012,13:29:57,19.2100,151,2
2026-02-09,601012,13:30:01,19.2100,266,2
2026-02-09,601012,13:30:03,19.2100,327,2
2026-02-09,601012,13:30:07,19.2200,88,1
2026-02-09,601012,13:30:10,19.2100,152,2
2026-02-09,601012,13:30:13,19.2100,190,1
2026-02-09,601012,13:30:15,19.2100,476,2
2026-02-09,601012,13:30:18,19.2100,121,2
2026-02-09,601012,13:30:21,19.2100,160,2
2026-02-09,601012,13:30:24,19.2100,320,1
2026-02-09,601012,13:30:28,19.2100,85,2
2026-02-09,601012,13:30:30,19.2100,36,2
2026-02-09,601012,13:30:33,19.2000,370,2
2026-02-09,601012,13:30:36,19.2000,46,2
2026-02-09,601012,13:30:39,19.2000,178,2
2026-02-09,601012,13:30:42,19.2100,108,1
2026-02-09,601012,13:30:45,19.2000,74,2
2026-02-09,601012,13:30:48,19.2000,223,2
2026-02-09,601012,13:30:51,19.2000,339,2
2026-02-09,601012,13:30:54,19.2000,336,2
2026-02-09,601012,13:30:57,19.2000,138,2
2026-02-09,601012,13:31:00,19.2000,80,2
2026-02-09,601012,13:31:03,19.2000,444,2
2026-02-09,601012,13:31:07,19.2000,205,2
2026-02-09,601012,13:31:10,19.2000,165,2
2026-02-09,601012,13:31:13,19.2000,335,2
2026-02-09,601012,13:31:16,19.2100,87,1
2026-02-09,601012,13:31:18,19.2100,168,1
2026-02-09,601012,13:31:21,19.2000,145,2
2026-02-09,601012,13:31:24,19.2100,29,1
2026-02-09,601012,13:31:27,19.2000,231,2
2026-02-09,601012,13:31:30,19.2100,148,1
2026-02-09,601012,13:31:34,19.2000,377,2
2026-02-09,601012,13:31:36,19.2000,52,2
2026-02-09,601012,13:31:39,19.2000,73,2
2026-02-09,601012,13:31:42,19.2000,144,2
2026-02-09,601012,13:31:45,19.2000,298,2
2026-02-09,601012,13:31:48,19.2000,86,2
2026-02-09,601012,13:31:51,19.2100,186,1
2026-02-09,601012,13:31:54,19.2000,110,2
2026-02-09,601012,13:31:57,19.2000,129,2
2026-02-09,601012,13:32:01,19.2000,78,2
2026-02-09,601012,13:32:03,19.2000,233,2
2026-02-09,601012,13:32:07,19.1900,86,2
2026-02-09,601012,13:32:09,19.2000,40,1
2026-02-09,601012,13:32:12,19.1900,83,2
2026-02-09,601012,13:32:15,19.2000,62,1
2026-02-09,601012,13:32:18,19.2000,199,1
2026-02-09,601012,13:32:22,19.1900,94,2
2026-02-09,601012,13:32:24,19.1900,712,2
2026-02-09,601012,13:32:27,19.1900,496,2
2026-02-09,601012,13:32:31,19.1900,139,2
2026-02-09,601012,13:32:33,19.1900,1791,2
2026-02-09,601012,13:32:36,19.1900,1151,2
2026-02-09,601012,13:32:39,19.1900,238,2
2026-02-09,601012,13:32:42,19.2000,210,1
2026-02-09,601012,13:32:45,19.2000,152,1
2026-02-09,601012,13:32:48,19.2000,708,1
2026-02-09,601012,13:32:51,19.2000,192,1
2026-02-09,601012,13:32:54,19.2000,132,2
2026-02-09,601012,13:32:57,19.2000,238,2
2026-02-09,601012,13:33:01,19.2100,218,1
2026-02-09,601012,13:33:03,19.2000,111,2
2026-02-09,601012,13:33:07,19.2100,1257,1
2026-02-09,601012,13:33:09,19.2100,447,1
2026-02-09,601012,13:33:13,19.2100,8,2
2026-02-09,601012,13:33:15,19.2200,518,1
2026-02-09,601012,13:33:18,19.2200,95,1
2026-02-09,601012,13:33:21,19.2200,122,1
2026-02-09,601012,13:33:24,19.2200,66,1
2026-02-09,601012,13:33:27,19.2200,63,1
2026-02-09,601012,13:33:31,19.2200,207,1
2026-02-09,601012,13:33:33,19.2200,219,1
2026-02-09,601012,13:33:36,19.2200,127,1
2026-02-09,601012,13:33:40,19.2200,244,1
2026-02-09,601012,13:33:42,19.2200,294,1
2026-02-09,601012,13:33:45,19.2100,340,2
2026-02-09,601012,13:33:49,19.2200,199,1
2026-02-09,601012,13:33:51,19.2100,38,2
2026-02-09,601012,13:33:54,19.2200,42,1
2026-02-09,601012,13:33:58,19.2200,49,1
2026-02-09,601012,13:34:01,19.2200,395,1
2026-02-09,601012,13:34:03,19.2200,55,1
2026-02-09,601012,13:34:06,19.2200,38,1
2026-02-09,601012,13:34:09,19.2200,215,1
2026-02-09,601012,13:34:12,19.2200,154,1
2026-02-09,601012,13:34:15,19.2200,58,1
2026-02-09,601012,13:34:18,19.2200,143,1
2026-02-09,601012,13:34:21,19.2200,309,1
2026-02-09,601012,13:34:24,19.2200,264,1
2026-02-09,601012,13:34:27,19.2200,7,2
2026-02-09,601012,13:34:30,19.2200,118,2
2026-02-09,601012,13:34:33,19.2200,56,2
2026-02-09,601012,13:34:37,19.2200,145,2
2026-02-09,601012,13:34:39,19.2200,105,2
2026-02-09,601012,13:34:42,19.2200,70,1
2026-02-09,601012,13:34:45,19.2200,205,1
2026-02-09,601012,13:34:49,19.2200,135,1
2026-02-09,601012,13:34:51,19.2100,195,2
2026-02-09,601012,13:34:54,19.2100,414,2
2026-02-09,601012,13:34:58,19.2200,445,1
2026-02-09,601012,13:35:00,19.2200,107,1
2026-02-09,601012,13:35:03,19.2200,118,1
2026-02-09,601012,13:35:06,19.2200,177,1
2026-02-09,601012,13:35:09,19.2200,656,1
2026-02-09,601012,13:35:12,19.2200,275,1
2026-02-09,601012,13:35:15,19.2200,996,1
2026-02-09,601012,13:35:18,19.2200,384,1
2026-02-09,601012,13:35:21,19.2300,1793,1
2026-02-09,601012,13:35:24,19.2300,258,1
2026-02-09,601012,13:35:27,19.2300,45,2
2026-02-09,601012,13:35:31,19.2300,134,2
2026-02-09,601012,13:35:33,19.2400,467,1
2026-02-09,601012,13:35:36,19.2400,97,2
2026-02-09,601012,13:35:39,19.2400,10,2
2026-02-09,601012,13:35:42,19.2400,189,2
2026-02-09,601012,13:35:46,19.2500,40,1
2026-02-09,601012,13:35:48,19.2500,95,1
2026-02-09,601012,13:35:51,19.2400,486,2
2026-02-09,601012,13:35:54,19.2400,540,2
2026-02-09,601012,13:35:57,19.2400,112,1
2026-02-09,601012,13:36:00,19.2400,90,1
2026-02-09,601012,13:36:03,19.2400,279,1
2026-02-09,601012,13:36:06,19.2400,144,2
2026-02-09,601012,13:36:10,19.2500,32,1
2026-02-09,601012,13:36:12,19.2500,55,1
2026-02-09,601012,13:36:15,19.2400,83,2
2026-02-09,601012,13:36:18,19.2400,34,2
2026-02-09,601012,13:36:21,19.2500,356,1
2026-02-09,601012,13:36:25,19.2500,63,1
2026-02-09,601012,13:36:27,19.2500,167,1
2026-02-09,601012,13:36:30,19.2500,331,1
2026-02-09,601012,13:36:34,19.2400,234,2
2026-02-09,601012,13:36:37,19.2500,807,1
2026-02-09,601012,13:36:39,19.2500,175,1
2026-02-09,601012,13:36:42,19.2400,474,2
2026-02-09,601012,13:36:45,19.2400,98,2
2026-02-09,601012,13:36:48,19.2500,699,1
2026-02-09,601012,13:36:51,19.2500,339,1
2026-02-09,601012,13:36:55,19.2500,94,2
2026-02-09,601012,13:36:57,19.2600,411,1
2026-02-09,601012,13:37:01,19.2500,167,2
2026-02-09,601012,13:37:04,19.2500,173,1
2026-02-09,601012,13:37:06,19.2500,134,1
2026-02-09,601012,13:37:09,19.2500,100,1
2026-02-09,601012,13:37:12,19.2400,97,2
2026-02-09,601012,13:37:15,19.2500,124,1
2026-02-09,601012,13:37:18,19.2500,223,1
2026-02-09,601012,13:37:21,19.2500,106,1
2026-02-09,601012,13:37:24,19.2500,126,1
2026-02-09,601012,13:37:27,19.2500,106,1
2026-02-09,601012,13:37:30,19.2400,65,2
2026-02-09,601012,13:37:33,19.2400,36,2
2026-02-09,601012,13:37:36,19.2500,70,1
2026-02-09,601012,13:37:40,19.2500,274,1
2026-02-09,601012,13:37:42,19.2400,71,2
2026-02-09,601012,13:37:45,19.2400,21,2
2026-02-09,601012,13:37:48,19.2500,71,1
2026-02-09,601012,13:37:51,19.2500,105,1
2026-02-09,601012,13:37:54,19.2500,199,1
2026-02-09,601012,13:37:57,19.2500,96,1
2026-02-09,601012,13:38:00,19.2400,193,2
2026-02-09,601012,13:38:04,19.2500,86,1
2026-02-09,601012,13:38:06,19.2500,204,1
2026-02-09,601012,13:38:09,19.2400,95,2
2026-02-09,601012,13:38:12,19.2500,142,1
2026-02-09,601012,13:38:15,19.2400,188,2
2026-02-09,601012,13:38:18,19.2400,72,2
2026-02-09,601012,13:38:21,19.2400,1462,2
2026-02-09,601012,13:38:24,19.2400,180,1
2026-02-09,601012,13:38:27,19.2300,149,2
2026-02-09,601012,13:38:30,19.2400,64,1
2026-02-09,601012,13:38:33,19.2400,307,1
2026-02-09,601012,13:38:36,19.2400,285,1
2026-02-09,601012,13:38:39,19.2400,104,1
2026-02-09,601012,13:38:42,19.2300,118,2
2026-02-09,601012,13:38:45,19.2300,556,2
2026-02-09,601012,13:38:48,19.2200,165,2
2026-02-09,601012,13:38:51,19.2200,121,2
2026-02-09,601012,13:38:55,19.2200,61,2
2026-02-09,601012,13:38:57,19.2200,139,2
2026-02-09,601012,13:39:00,19.2300,213,1
2026-02-09,601012,13:39:03,19.2200,43,2
2026-02-09,601012,13:39:06,19.2300,128,1
2026-02-09,601012,13:39:09,19.2200,692,2
2026-02-09,601012,13:39:13,19.2200,193,2
2026-02-09,601012,13:39:16,19.2300,74,1
2026-02-09,601012,13:39:18,19.2300,95,1
2026-02-09,601012,13:39:22,19.2200,48,2
2026-02-09,601012,13:39:24,19.2300,133,1
2026-02-09,601012,13:39:27,19.2200,89,2
2026-02-09,601012,13:39:30,19.2200,314,2
2026-02-09,601012,13:39:33,19.2200,211,2
2026-02-09,601012,13:39:37,19.2200,145,2
2026-02-09,601012,13:39:39,19.2200,140,2
2026-02-09,601012,13:39:42,19.2200,413,2
2026-02-09,601012,13:39:46,19.2200,229,2
2026-02-09,601012,13:39:48,19.2200,37,1
2026-02-09,601012,13:39:51,19.2100,95,2
2026-02-09,601012,13:39:55,19.2100,7,2
2026-02-09,601012,13:39:58,19.2100,162,2
2026-02-09,601012,13:40:00,19.2200,13,1
2026-02-09,601012,13:40:04,19.2100,103,2
2026-02-09,601012,13:40:06,19.2200,466,1
2026-02-09,601012,13:40:09,19.2100,239,2
2026-02-09,601012,13:40:12,19.2100,17,2
2026-02-09,601012,13:40:16,19.2200,65,1
2026-02-09,601012,13:40:18,19.2200,239,1
2026-02-09,601012,13:40:21,19.2300,89,1
2026-02-09,601012,13:40:24,19.2300,169,1
2026-02-09,601012,13:40:27,19.2300,104,1
2026-02-09,601012,13:40:30,19.2200,485,2
2026-02-09,601012,13:40:34,19.2300,617,1
2026-02-09,601012,13:40:36,19.2300,202,1
2026-02-09,601012,13:40:39,19.2300,386,1
2026-02-09,601012,13:40:42,19.2400,10,1
2026-02-09,601012,13:40:45,19.2400,119,1
2026-02-09,601012,13:40:48,19.2400,257,1
2026-02-09,601012,13:40:51,19.2400,58,1
2026-02-09,601012,13:40:54,19.2400,14,1
2026-02-09,601012,13:40:57,19.2400,659,1
2026-02-09,601012,13:41:00,19.2300,254,2
2026-02-09,601012,13:41:03,19.2400,184,1
2026-02-09,601012,13:41:06,19.2400,125,1
2026-02-09,601012,13:41:09,19.2400,35,2
2026-02-09,601012,13:41:12,19.2400,206,2
2026-02-09,601012,13:41:15,19.2400,165,2
2026-02-09,601012,13:41:19,19.2500,207,1
2026-02-09,601012,13:41:21,19.2400,217,2
2026-02-09,601012,13:41:24,19.2400,93,2
2026-02-09,601012,13:41:27,19.2400,50,2
2026-02-09,601012,13:41:31,19.2500,63,1
2026-02-09,601012,13:41:33,19.2500,437,1
2026-02-09,601012,13:41:36,19.2400,174,2
2026-02-09,601012,13:41:39,19.2500,188,1
2026-02-09,601012,13:41:43,19.2400,281,2
2026-02-09,601012,13:41:45,19.2500,169,1
2026-02-09,601012,13:41:48,19.2500,14,1
2026-02-09,601012,13:41:51,19.2500,77,1
2026-02-09,601012,13:41:54,19.2400,67,2
2026-02-09,601012,13:41:57,19.2400,168,2
2026-02-09,601012,13:42:00,19.2400,196,2
2026-02-09,601012,13:42:03,19.2500,210,1
2026-02-09,601012,13:42:06,19.2400,57,2
2026-02-09,601012,13:42:09,19.2500,167,1
2026-02-09,601012,13:42:13,19.2500,518,1
2026-02-09,601012,13:42:15,19.2500,120,1
2026-02-09,601012,13:42:18,19.2500,702,1
2026-02-09,601012,13:42:22,19.2500,116,1
2026-02-09,601012,13:42:24,19.2500,95,1
2026-02-09,601012,13:42:28,19.2500,162,2
2026-02-09,601012,13:42:30,19.2500,200,2
2026-02-09,601012,13:42:33,19.2600,424,1
2026-02-09,601012,13:42:36,19.2500,61,2
2026-02-09,601012,13:42:39,19.2600,334,1
2026-02-09,601012,13:42:43,19.2600,37,1
2026-02-09,601012,13:42:46,19.2600,53,1
2026-02-09,601012,13:42:49,19.2500,126,2
2026-02-09,601012,13:42:51,19.2500,41,2
2026-02-09,601012,13:42:55,19.2600,63,1
2026-02-09,601012,13:42:57,19.2600,222,1
2026-02-09,601012,13:43:01,19.2600,973,1
2026-02-09,601012,13:43:03,19.2600,235,1
2026-02-09,601012,13:43:06,19.2600,36,1
2026-02-09,601012,13:43:10,19.2600,175,1
2026-02-09,601012,13:43:12,19.2500,786,2
2026-02-09,601012,13:43:15,19.2600,850,1
2026-02-09,601012,13:43:18,19.2600,131,1
2026-02-09,601012,13:43:21,19.2500,122,2
2026-02-09,601012,13:43:24,19.2500,17,2
2026-02-09,601012,13:43:27,19.2500,100,2
2026-02-09,601012,13:43:30,19.2500,119,2
2026-02-09,601012,13:43:33,19.2500,61,2
2026-02-09,601012,13:43:37,19.2500,49,2
2026-02-09,601012,13:43:39,19.2500,42,2
2026-02-09,601012,13:43:42,19.2500,204,2
2026-02-09,601012,13:43:46,19.2500,156,2
2026-02-09,601012,13:43:48,19.2500,59,2
2026-02-09,601012,13:43:51,19.2500,93,2
2026-02-09,601012,13:43:54,19.2600,129,1
2026-02-09,601012,13:43:57,19.2500,271,2
2026-02-09,601012,13:44:01,19.2600,340,1
2026-02-09,601012,13:44:03,19.2500,538,2
2026-02-09,601012,13:44:06,19.2600,132,1
2026-02-09,601012,13:44:09,19.2500,237,2
2026-02-09,601012,13:44:12,19.2500,44,2
2026-02-09,601012,13:44:15,19.2600,230,1
2026-02-09,601012,13:44:19,19.2600,78,1
2026-02-09,601012,13:44:21,19.2600,293,1
2026-02-09,601012,13:44:24,19.2500,93,2
2026-02-09,601012,13:44:27,19.2600,222,1
2026-02-09,601012,13:44:30,19.2600,129,1
2026-02-09,601012,13:44:33,19.2600,45,1
2026-02-09,601012,13:44:36,19.2600,127,1
2026-02-09,601012,13:44:39,19.2500,61,2
2026-02-09,601012,13:44:42,19.2600,38,1
2026-02-09,601012,13:44:45,19.2600,40,1
2026-02-09,601012,13:44:49,19.2500,99,2
2026-02-09,601012,13:44:52,19.2600,205,1
2026-02-09,601012,13:44:54,19.2500,133,2
2026-02-09,601012,13:44:57,19.2500,1584,2
2026-02-09,601012,13:45:01,19.2400,129,2
2026-02-09,601012,13:45:03,19.2500,107,1
2026-02-09,601012,13:45:06,19.2500,56,1
2026-02-09,601012,13:45:09,19.2500,43,1
2026-02-09,601012,13:45:12,19.2400,120,2
2026-02-09,601012,13:45:15,19.2400,137,2
2026-02-09,601012,13:45:18,19.2400,63,2
2026-02-09,601012,13:45:21,19.2400,388,2
2026-02-09,601012,13:45:24,19.2400,261,2
2026-02-09,601012,13:45:28,19.2500,286,1
2026-02-09,601012,13:45:30,19.2500,202,1
2026-02-09,601012,13:45:33,19.2400,64,2
2026-02-09,601012,13:45:36,19.2500,263,1
2026-02-09,601012,13:45:39,19.2500,325,1
2026-02-09,601012,13:45:42,19.2400,40,2
2026-02-09,601012,13:45:45,19.2400,125,2
2026-02-09,601012,13:45:48,19.2400,1551,2
2026-02-09,601012,13:45:51,19.2400,17,1
2026-02-09,601012,13:45:54,19.2400,53,1
2026-02-09,601012,13:45:57,19.2300,275,2
2026-02-09,601012,13:46:00,19.2400,112,1
2026-02-09,601012,13:46:03,19.2400,43,1
2026-02-09,601012,13:46:06,19.2300,234,2
2026-02-09,601012,13:46:09,19.2300,234,2
2026-02-09,601012,13:46:13,19.2300,155,2
2026-02-09,601012,13:46:16,19.2200,306,2
2026-02-09,601012,13:46:18,19.2300,95,4
2026-02-09,601012,13:46:21,19.2300,53,4
2026-02-09,601012,13:46:25,19.2300,157,1
2026-02-09,601012,13:46:27,19.2200,39,2
2026-02-09,601012,13:46:30,19.2200,74,2
2026-02-09,601012,13:46:33,19.2200,112,2
2026-02-09,601012,13:46:37,19.2200,215,2
2026-02-09,601012,13:46:39,19.2300,290,1
2026-02-09,601012,13:46:42,19.2200,318,2
2026-02-09,601012,13:46:45,19.2200,528,2
2026-02-09,601012,13:46:48,19.2200,264,2
2026-02-09,601012,13:46:51,19.2200,258,2
2026-02-09,601012,13:46:54,19.2200,56,1
2026-02-09,601012,13:46:58,19.2200,40,1
2026-02-09,601012,13:47:00,19.2200,34,1
2026-02-09,601012,13:47:04,19.2100,189,2
2026-02-09,601012,13:47:06,19.2200,73,1
2026-02-09,601012,13:47:09,19.2200,224,1
2026-02-09,601012,13:47:13,19.2100,211,2
2026-02-09,601012,13:47:16,19.2100,222,2
2026-02-09,601012,13:47:18,19.2100,110,2
2026-02-09,601012,13:47:22,19.2100,445,2
2026-02-09,601012,13:47:24,19.2100,122,2
2026-02-09,601012,13:47:27,19.2100,111,2
2026-02-09,601012,13:47:30,19.2100,95,1
2026-02-09,601012,13:47:33,19.2100,36,1
2026-02-09,601012,13:47:36,19.2100,18,1
2026-02-09,601012,13:47:40,19.2100,78,1
2026-02-09,601012,13:47:42,19.2000,163,2
2026-02-09,601012,13:47:46,19.2000,148,2
2026-02-09,601012,13:47:48,19.2000,72,2
2026-02-09,601012,13:47:51,19.2000,343,2
2026-02-09,601012,13:47:54,19.2100,168,1
2026-02-09,601012,13:47:58,19.2000,152,2
2026-02-09,601012,13:48:01,19.2000,177,2
2026-02-09,601012,13:48:04,19.2000,262,2
2026-02-09,601012,13:48:06,19.2000,640,2
2026-02-09,601012,13:48:09,19.2000,491,2
2026-02-09,601012,13:48:12,19.2000,136,2
2026-02-09,601012,13:48:15,19.2000,96,2
2026-02-09,601012,13:48:18,19.2000,81,2
2026-02-09,601012,13:48:21,19.2100,107,1
2026-02-09,601012,13:48:24,19.2100,38,1
2026-02-09,601012,13:48:27,19.2100,169,1
2026-02-09,601012,13:48:31,19.2100,70,1
2026-02-09,601012,13:48:33,19.2100,72,1
2026-02-09,601012,13:48:36,19.2100,81,1
2026-02-09,601012,13:48:39,19.2100,99,1
2026-02-09,601012,13:48:42,19.2100,382,1
2026-02-09,601012,13:48:46,19.2000,111,2
2026-02-09,601012,13:48:48,19.2100,66,1
2026-02-09,601012,13:48:51,19.2000,105,2
2026-02-09,601012,13:48:54,19.2000,54,2
2026-02-09,601012,13:48:57,19.2100,819,1
2026-02-09,601012,13:49:00,19.2000,419,2
2026-02-09,601012,13:49:04,19.2000,374,2
2026-02-09,601012,13:49:07,19.2000,199,2
2026-02-09,601012,13:49:09,19.2100,469,1
2026-02-09,601012,13:49:12,19.2000,224,2
2026-02-09,601012,13:49:15,19.1900,519,2
2026-02-09,601012,13:49:18,19.2000,61,1
2026-02-09,601012,13:49:21,19.2000,83,1
2026-02-09,601012,13:49:24,19.2000,191,1
2026-02-09,601012,13:49:27,19.2000,677,1
2026-02-09,601012,13:49:30,19.1900,349,2
2026-02-09,601012,13:49:34,19.2000,140,1
2026-02-09,601012,13:49:36,19.2000,199,1
2026-02-09,601012,13:49:40,19.2000,261,1
2026-02-09,601012,13:49:42,19.1900,96,2
2026-02-09,601012,13:49:45,19.2000,125,1
2026-02-09,601012,13:49:48,19.2000,169,1
2026-02-09,601012,13:49:51,19.2000,386,1
2026-02-09,601012,13:49:55,19.2000,1177,1
2026-02-09,601012,13:49:57,19.2000,309,2
2026-02-09,601012,13:50:00,19.2000,252,2
2026-02-09,601012,13:50:03,19.2000,204,2
2026-02-09,601012,13:50:06,19.2000,228,2
2026-02-09,601012,13:50:09,19.2000,88,1
2026-02-09,601012,13:50:12,19.1900,87,2
2026-02-09,601012,13:50:15,19.2000,170,1
2026-02-09,601012,13:50:18,19.2000,116,1
2026-02-09,601012,13:50:21,19.1900,220,2
2026-02-09,601012,13:50:25,19.2000,1022,1
2026-02-09,601012,13:50:27,19.2000,274,2
2026-02-09,601012,13:50:30,19.2000,258,2
2026-02-09,601012,13:50:33,19.2000,494,2
2026-02-09,601012,13:50:37,19.2000,511,2
2026-02-09,601012,13:50:39,19.1900,179,2
2026-02-09,601012,13:50:43,19.2000,51,1
2026-02-09,601012,13:50:45,19.2000,83,1
2026-02-09,601012,13:50:48,19.2000,139,1
2026-02-09,601012,13:50:52,19.1900,152,2
2026-02-09,601012,13:50:54,19.1900,159,2
2026-02-09,601012,13:50:57,19.2000,288,1
2026-02-09,601012,13:51:01,19.2000,255,1
2026-02-09,601012,13:51:03,19.2000,62,1
2026-02-09,601012,13:51:07,19.1900,190,2
2026-02-09,601012,13:51:10,19.1900,176,2
2026-02-09,601012,13:51:13,19.1900,57,2
2026-02-09,601012,13:51:16,19.1900,54,2
2026-02-09,601012,13:51:19,19.2000,237,1
2026-02-09,601012,13:51:22,19.2000,74,1
2026-02-09,601012,13:51:24,19.1900,257,2
2026-02-09,601012,13:51:27,19.1900,49,2
2026-02-09,601012,13:51:30,19.2000,83,1
2026-02-09,601012,13:51:33,19.1900,80,2
2026-02-09,601012,13:51:36,19.2000,54,1
2026-02-09,601012,13:51:39,19.1900,293,2
2026-02-09,601012,13:51:42,19.1900,91,2
2026-02-09,601012,13:51:45,19.1900,86,2
2026-02-09,601012,13:51:48,19.1900,220,2
2026-02-09,601012,13:51:52,19.1900,113,2
2026-02-09,601012,13:51:54,19.2000,294,1
2026-02-09,601012,13:51:57,19.2000,127,1
2026-02-09,601012,13:52:01,19.2000,141,1
2026-02-09,601012,13:52:03,19.1900,178,2
2026-02-09,601012,13:52:07,19.2000,335,1
2026-02-09,601012,13:52:09,19.1900,107,2
2026-02-09,601012,13:52:13,19.2000,445,1
2026-02-09,601012,13:52:15,19.1900,268,2
2026-02-09,601012,13:52:18,19.1900,185,2
2026-02-09,601012,13:52:21,19.1900,161,1
2026-02-09,601012,13:52:25,19.1900,234,1
2026-02-09,601012,13:52:27,19.1900,177,1
2026-02-09,601012,13:52:30,19.1900,181,1
2026-02-09,601012,13:52:33,19.1900,47,1
2026-02-09,601012,13:52:37,19.1900,139,1
2026-02-09,601012,13:52:40,19.1800,275,2
2026-02-09,601012,13:52:42,19.1800,124,2
2026-02-09,601012,13:52:45,19.1800,88,2
2026-02-09,601012,13:52:48,19.1800,292,2
2026-02-09,601012,13:52:51,19.1900,166,1
2026-02-09,601012,13:52:54,19.1800,207,2
2026-02-09,601012,13:52:58,19.1900,81,1
2026-02-09,601012,13:53:00,19.1800,56,2
2026-02-09,601012,13:53:04,19.1800,45,2
2026-02-09,601012,13:53:07,19.1800,173,2
2026-02-09,601012,13:53:10,19.1800,199,2
2026-02-09,601012,13:53:13,19.1800,240,2
2026-02-09,601012,13:53:15,19.1900,547,1
2026-02-09,601012,13:53:18,19.1900,26,1
2026-02-09,601012,13:53:22,19.1800,144,2
2026-02-09,601012,13:53:24,19.1900,103,1
2026-02-09,601012,13:53:28,19.1900,176,1
2026-02-09,601012,13:53:30,19.1900,133,1
2026-02-09,601012,13:53:33,19.1900,182,1
2026-02-09,601012,13:53:36,19.1900,325,1
2026-02-09,601012,13:53:39,19.1900,318,1
2026-02-09,601012,13:53:43,19.1800,110,2
2026-02-09,601012,13:53:45,19.1800,176,2
2026-02-09,601012,13:53:48,19.1800,153,2
2026-02-09,601012,13:53:51,19.1900,188,1
2026-02-09,601012,13:53:54,19.1900,153,1
2026-02-09,601012,13:53:57,19.1900,103,1
2026-02-09,601012,13:54:01,19.1900,117,1
2026-02-09,601012,13:54:04,19.1900,167,1
2026-02-09,601012,13:54:06,19.1800,173,2
2026-02-09,601012,13:54:09,19.1900,171,1
2026-02-09,601012,13:54:12,19.1900,141,1
2026-02-09,601012,13:54:16,19.1900,107,1
2026-02-09,601012,13:54:18,19.1900,128,1
2026-02-09,601012,13:54:22,19.1900,194,1
2026-02-09,601012,13:54:25,19.1900,92,1
2026-02-09,601012,13:54:27,19.1900,69,1
2026-02-09,601012,13:54:31,19.1900,10,1
2026-02-09,601012,13:54:33,19.1900,138,1
2026-02-09,601012,13:54:36,19.1800,27,2
2026-02-09,601012,13:54:39,19.1800,113,2
2026-02-09,601012,13:54:42,19.1900,487,1
2026-02-09,601012,13:54:45,19.1800,46,2
2026-02-09,601012,13:54:49,19.1800,57,2
2026-02-09,601012,13:54:52,19.1800,40,2
2026-02-09,601012,13:54:54,19.1800,29,2
2026-02-09,601012,13:54:57,19.1800,181,2
2026-02-09,601012,13:55:00,19.1800,50,2
2026-02-09,601012,13:55:03,19.1800,139,2
2026-02-09,601012,13:55:06,19.1800,57,2
2026-02-09,601012,13:55:09,19.1800,132,2
2026-02-09,601012,13:55:13,19.1800,819,2
2026-02-09,601012,13:55:15,19.1800,132,2
2026-02-09,601012,13:55:18,19.1800,87,2
2026-02-09,601012,13:55:21,19.1800,285,2
2026-02-09,601012,13:55:25,19.1900,175,1
2026-02-09,601012,13:55:27,19.1800,280,2
2026-02-09,601012,13:55:30,19.1800,130,1
2026-02-09,601012,13:55:33,19.1800,86,1
2026-02-09,601012,13:55:36,19.1800,147,1
2026-02-09,601012,13:55:40,19.1800,213,1
2026-02-09,601012,13:55:42,19.1800,69,2
2026-02-09,601012,13:55:45,19.1800,50,2
2026-02-09,601012,13:55:48,19.1800,42,2
2026-02-09,601012,13:55:51,19.1800,41,2
2026-02-09,601012,13:55:54,19.1900,526,1
2026-02-09,601012,13:55:57,19.1800,261,2
2026-02-09,601012,13:56:00,19.1800,47,2
2026-02-09,601012,13:56:03,19.1800,139,2
2026-02-09,601012,13:56:06,19.1800,86,2
2026-02-09,601012,13:56:09,19.1800,367,2
2026-02-09,601012,13:56:12,19.1800,145,1
2026-02-09,601012,13:56:15,19.1800,53,2
2026-02-09,601012,13:56:19,19.1800,246,2
2026-02-09,601012,13:56:21,19.1800,137,2
2026-02-09,601012,13:56:24,19.1800,159,2
2026-02-09,601012,13:56:27,19.1900,83,1
2026-02-09,601012,13:56:30,19.1900,156,1
2026-02-09,601012,13:56:34,19.1900,46,1
2026-02-09,601012,13:56:37,19.1900,123,1
2026-02-09,601012,13:56:39,19.1800,274,2
2026-02-09,601012,13:56:42,19.1800,150,2
2026-02-09,601012,13:56:46,19.1800,34,2
2026-02-09,601012,13:56:48,19.1800,104,2
2026-02-09,601012,13:56:51,19.1800,107,2
2026-02-09,601012,13:56:54,19.1800,138,2
2026-02-09,601012,13:56:57,19.1900,172,1
2026-02-09,601012,13:57:00,19.1900,4682,1
2026-02-09,601012,13:57:03,19.1900,1827,2
2026-02-09,601012,13:57:07,19.2000,321,1
2026-02-09,601012,13:57:10,19.1900,699,2
2026-02-09,601012,13:57:12,19.1900,90,2
2026-02-09,601012,13:57:15,19.1900,69,2
2026-02-09,601012,13:57:18,19.1900,210,2
2026-02-09,601012,13:57:21,19.1900,226,2
2026-02-09,601012,13:57:24,19.2000,571,1
2026-02-09,601012,13:57:27,19.2000,343,1
2026-02-09,601012,13:57:30,19.2000,565,1
2026-02-09,601012,13:57:33,19.2000,204,1
2026-02-09,601012,13:57:36,19.2000,127,1
2026-02-09,601012,13:57:39,19.2000,1234,1
2026-02-09,601012,13:57:42,19.2000,377,1
2026-02-09,601012,13:57:45,19.2000,518,1
2026-02-09,601012,13:57:49,19.1900,136,2
2026-02-09,601012,13:57:51,19.2000,104,1
2026-02-09,601012,13:57:54,19.1900,175,2
2026-02-09,601012,13:57:58,19.2000,18,1
2026-02-09,601012,13:58:00,19.1900,329,2
2026-02-09,601012,13:58:04,19.2000,40,1
2026-02-09,601012,13:58:06,19.1900,65,2
2026-02-09,601012,13:58:10,19.2000,189,1
2026-02-09,601012,13:58:13,19.1900,248,2
2026-02-09,601012,13:58:16,19.1900,154,2
2026-02-09,601012,13:58:19,19.1900,1134,2
2026-02-09,601012,13:58:22,19.1900,166,2
2026-02-09,601012,13:58:24,19.2000,101,1
2026-02-09,601012,13:58:27,19.2000,85,1
2026-02-09,601012,13:58:30,19.1900,44,2
2026-02-09,601012,13:58:34,19.1900,46,2
2026-02-09,601012,13:58:36,19.1900,106,2
2026-02-09,601012,13:58:39,19.2000,39,1
2026-02-09,601012,13:58:42,19.1900,75,2
2026-02-09,601012,13:58:46,19.2000,293,1
2026-02-09,601012,13:58:49,19.2000,178,1
2026-02-09,601012,13:58:51,19.1900,86,2
2026-02-09,601012,13:58:54,19.1900,163,2
2026-02-09,601012,13:58:58,19.1900,81,2
2026-02-09,601012,13:59:01,19.1900,96,2
2026-02-09,601012,13:59:03,19.1900,261,2
2026-02-09,601012,13:59:07,19.1900,82,2
2026-02-09,601012,13:59:09,19.2000,197,1
2026-02-09,601012,13:59:12,19.2000,66,1
2026-02-09,601012,13:59:15,19.2000,161,1
2026-02-09,601012,13:59:18,19.2000,86,1
2026-02-09,601012,13:59:21,19.1900,214,2
2026-02-09,601012,13:59:24,19.2000,118,1
2026-02-09,601012,13:59:28,19.2000,696,1
2026-02-09,601012,13:59:31,19.1900,92,2
2026-02-09,601012,13:59:33,19.2000,62,1
2026-02-09,601012,13:59:36,19.2100,8455,1
2026-02-09,601012,13:59:39,19.2100,362,1
2026-02-09,601012,13:59:42,19.2000,122,2
2026-02-09,601012,13:59:45,19.2100,485,1
2026-02-09,601012,13:59:48,19.2100,117,1
2026-02-09,601012,13:59:51,19.2100,144,1
2026-02-09,601012,13:59:54,19.2100,232,1
2026-02-09,601012,13:59:57,19.2100,74,2
2026-02-09,601012,14:00:00,19.2000,42,2
2026-02-09,601012,14:00:03,19.2200,32,1
2026-02-09,601012,14:00:06,19.2100,158,2
2026-02-09,601012,14:00:10,19.2200,74,1
2026-02-09,601012,14:00:12,19.2200,65,1
2026-02-09,601012,14:00:15,19.2100,269,2
2026-02-09,601012,14:00:18,19.2100,28,4
2026-02-09,601012,14:00:21,19.2200,1591,1
2026-02-09,601012,14:00:25,19.2200,39,2
2026-02-09,601012,14:00:28,19.2200,58,2
2026-02-09,601012,14:00:30,19.2200,7,2
2026-02-09,601012,14:00:34,19.2300,174,1
2026-02-09,601012,14:00:36,19.2300,106,1
2026-02-09,601012,14:00:39,19.2300,20,1
2026-02-09,601012,14:00:42,19.2300,251,1
2026-02-09,601012,14:00:45,19.2300,256,1
2026-02-09,601012,14:00:48,19.2300,184,1
2026-02-09,601012,14:00:51,19.2300,120,1
2026-02-09,601012,14:00:54,19.2300,140,1
2026-02-09,601012,14:00:57,19.2200,701,2
2026-02-09,601012,14:01:00,19.2300,540,1
2026-02-09,601012,14:01:03,19.2300,271,1
2026-02-09,601012,14:01:06,19.2300,178,1
2026-02-09,601012,14:01:10,19.2200,505,2
2026-02-09,601012,14:01:12,19.2200,43,1
2026-02-09,601012,14:01:15,19.2200,95,1
2026-02-09,601012,14:01:18,19.2200,85,1
2026-02-09,601012,14:01:21,19.2200,57,2
2026-02-09,601012,14:01:25,19.2200,187,1
2026-02-09,601012,14:01:27,19.2200,87,2
2026-02-09,601012,14:01:31,19.2200,111,2
2026-02-09,601012,14:01:34,19.2200,274,2
2026-02-09,601012,14:01:36,19.2200,12,2
2026-02-09,601012,14:01:39,19.2200,54,2
2026-02-09,601012,14:01:43,19.2200,219,2
2026-02-09,601012,14:01:46,19.2300,90,1
2026-02-09,601012,14:01:48,19.2300,41,1
2026-02-09,601012,14:01:52,19.2300,52,1
2026-02-09,601012,14:01:54,19.2300,50,1
2026-02-09,601012,14:01:57,19.2200,64,2
2026-02-09,601012,14:02:00,19.2300,267,1
2026-02-09,601012,14:02:03,19.2300,103,1
2026-02-09,601012,14:02:06,19.2300,121,1
2026-02-09,601012,14:02:09,19.2300,71,1
2026-02-09,601012,14:02:12,19.2300,95,1
2026-02-09,601012,14:02:15,19.2300,137,1
2026-02-09,601012,14:02:19,19.2300,137,1
2026-02-09,601012,14:02:21,19.2200,83,2
2026-02-09,601012,14:02:24,19.2300,35,1
2026-02-09,601012,14:02:28,19.2200,58,2
2026-02-09,601012,14:02:30,19.2200,1400,2
2026-02-09,601012,14:02:33,19.2200,139,1
2026-02-09,601012,14:02:36,19.2100,97,2
2026-02-09,601012,14:02:39,19.2200,44,1
2026-02-09,601012,14:02:43,19.2200,140,1
2026-02-09,601012,14:02:45,19.2100,109,2
2026-02-09,601012,14:02:48,19.2200,329,1
2026-02-09,601012,14:02:52,19.2200,103,1
2026-02-09,601012,14:02:54,19.2100,26,2
2026-02-09,601012,14:02:57,19.2100,291,2
2026-02-09,601012,14:03:00,19.2100,180,2
2026-02-09,601012,14:03:04,19.2100,51,2
2026-02-09,601012,14:03:06,19.2200,36,1
2026-02-09,601012,14:03:09,19.2200,23,1
2026-02-09,601012,14:03:12,19.2200,115,1
2026-02-09,601012,14:03:16,19.2100,40,2
2026-02-09,601012,14:03:18,19.2200,31,1
2026-02-09,601012,14:03:21,19.2100,86,2
2026-02-09,601012,14:03:25,19.2200,162,1
2026-02-09,601012,14:03:27,19.2200,215,1
2026-02-09,601012,14:03:30,19.2200,52,1
2026-02-09,601012,14:03:33,19.2200,45,1
2026-02-09,601012,14:03:36,19.2200,49,1
2026-02-09,601012,14:03:39,19.2200,59,1
2026-02-09,601012,14:03:42,19.2100,87,2
2026-02-09,601012,14:03:45,19.2200,890,1
2026-02-09,601012,14:03:48,19.2200,142,2
2026-02-09,601012,14:03:51,19.2200,117,2
2026-02-09,601012,14:03:54,19.2200,371,1
2026-02-09,601012,14:03:57,19.2200,55,1
2026-02-09,601012,14:04:00,19.2300,72,1
2026-02-09,601012,14:04:03,19.2200,248,2
2026-02-09,601012,14:04:06,19.2200,220,1
2026-02-09,601012,14:04:10,19.2300,78,1
2026-02-09,601012,14:04:12,19.2200,119,2
2026-02-09,601012,14:04:15,19.2200,85,2
2026-02-09,601012,14:04:18,19.2300,277,1
2026-02-09,601012,14:04:21,19.2200,875,2
2026-02-09,601012,14:04:24,19.2200,85,1
2026-02-09,601012,14:04:27,19.2200,44,2
2026-02-09,601012,14:04:30,19.2200,20,2
2026-02-09,601012,14:04:34,19.2200,104,2
2026-02-09,601012,14:04:36,19.2200,151,2
2026-02-09,601012,14:04:39,19.2200,57,2
2026-02-09,601012,14:04:43,19.2300,328,1
2026-02-09,601012,14:04:45,19.2200,66,2
2026-02-09,601012,14:04:48,19.2300,266,1
2026-02-09,601012,14:04:52,19.2200,141,2
2026-02-09,601012,14:04:54,19.2300,200,1
2026-02-09,601012,14:04:57,19.2300,894,1
2026-02-09,601012,14:05:01,19.2300,174,2
2026-02-09,601012,14:05:04,19.2300,77,2
2026-02-09,601012,14:05:07,19.2300,12,2
2026-02-09,601012,14:05:09,19.2300,150,2
2026-02-09,601012,14:05:12,19.2300,93,2
2026-02-09,601012,14:05:16,19.2400,57,1
2026-02-09,601012,14:05:18,19.2400,161,1
2026-02-09,601012,14:05:21,19.2400,71,1
2026-02-09,601012,14:05:25,19.2400,147,1
2026-02-09,601012,14:05:27,19.2400,94,1
2026-02-09,601012,14:05:30,19.2400,97,1
2026-02-09,601012,14:05:33,19.2400,118,1
2026-02-09,601012,14:05:36,19.2300,37,2
2026-02-09,601012,14:05:39,19.2400,5,1
2026-02-09,601012,14:05:42,19.2400,48,1
2026-02-09,601012,14:05:46,19.2400,226,1
2026-02-09,601012,14:05:48,19.2300,274,2
2026-02-09,601012,14:05:51,19.2300,36,2
2026-02-09,601012,14:05:54,19.2300,81,2
2026-02-09,601012,14:05:57,19.2300,214,2
2026-02-09,601012,14:06:00,19.2400,516,1
2026-02-09,601012,14:06:03,19.2300,74,2
2026-02-09,601012,14:06:06,19.2300,72,1
2026-02-09,601012,14:06:09,19.2200,55,2
2026-02-09,601012,14:06:12,19.2300,98,1
2026-02-09,601012,14:06:15,19.2200,46,2
2026-02-09,601012,14:06:18,19.2300,112,1
2026-02-09,601012,14:06:21,19.2300,135,1
2026-02-09,601012,14:06:25,19.2300,135,1
2026-02-09,601012,14:06:27,19.2300,19,1
2026-02-09,601012,14:06:30,19.2300,215,1
2026-02-09,601012,14:06:34,19.2200,197,2
2026-02-09,601012,14:06:36,19.2200,35,2
2026-02-09,601012,14:06:39,19.2200,243,2
2026-02-09,601012,14:06:42,19.2300,112,1
2026-02-09,601012,14:06:46,19.2200,295,2
2026-02-09,601012,14:06:48,19.2200,110,2
2026-02-09,601012,14:06:51,19.2300,83,1
2026-02-09,601012,14:06:54,19.2300,94,1
2026-02-09,601012,14:06:57,19.2300,90,1
2026-02-09,601012,14:07:01,19.2300,76,1
2026-02-09,601012,14:07:03,19.2300,300,1
2026-02-09,601012,10:57:09,19.4500,168,2
2026-02-09,601012,10:57:12,19.4500,144,1
2026-02-09,601012,10:57:15,19.4600,146,1
2026-02-09,601012,10:57:18,19.4600,62,1
2026-02-09,601012,10:57:22,19.4600,146,1
2026-02-09,601012,10:57:24,19.4600,170,1
2026-02-09,601012,10:57:28,19.4600,312,1
2026-02-09,601012,10:57:30,19.4600,239,1
2026-02-09,601012,10:57:33,19.4500,536,2
2026-02-09,601012,10:57:36,19.4600,318,1
2026-02-09,601012,10:57:39,19.4500,214,2
2026-02-09,601012,10:57:42,19.4500,91,2
2026-02-09,601012,10:57:45,19.4600,216,1
2026-02-09,601012,10:57:49,19.4500,125,2
2026-02-09,601012,10:57:51,19.4600,176,1
2026-02-09,601012,10:57:54,19.4600,204,1
2026-02-09,601012,10:57:57,19.4600,145,1
2026-02-09,601012,10:58:00,19.4600,201,2
2026-02-09,601012,10:58:03,19.4600,126,1
2026-02-09,601012,10:58:07,19.4600,170,2
2026-02-09,601012,10:58:09,19.4700,369,1
2026-02-09,601012,10:58:12,19.4700,541,1
2026-02-09,601012,10:58:15,19.4700,243,2
2026-02-09,601012,10:58:18,19.4700,70,2
2026-02-09,601012,10:58:22,19.4700,324,2
2026-02-09,601012,10:58:24,19.4700,204,1
2026-02-09,601012,10:58:27,19.4700,345,1
2026-02-09,601012,10:58:30,19.4600,263,2
2026-02-09,601012,10:58:34,19.4700,377,1
2026-02-09,601012,10:58:36,19.4700,224,1
2026-02-09,601012,10:58:40,19.4600,184,2
2026-02-09,601012,10:58:42,19.4600,182,2
2026-02-09,601012,10:58:45,19.4600,259,2
2026-02-09,601012,10:58:49,19.4600,368,1
2026-02-09,601012,10:58:52,19.4500,644,2
2026-02-09,601012,10:58:55,19.4600,127,1
2026-02-09,601012,10:58:57,19.4600,259,1
2026-02-09,601012,10:59:00,19.4500,370,2
2026-02-09,601012,10:59:03,19.4600,956,1
2026-02-09,601012,10:59:06,19.4500,593,2
2026-02-09,601012,10:59:09,19.4500,239,1
2026-02-09,601012,10:59:12,19.4500,1631,1
2026-02-09,601012,10:59:15,19.4500,1268,1
2026-02-09,601012,10:59:18,19.4400,100,4
2026-02-09,601012,10:59:21,19.4500,148,1
2026-02-09,601012,10:59:24,19.4400,368,1
2026-02-09,601012,10:59:27,19.4400,57,1
2026-02-09,601012,10:59:31,19.4300,138,2
2026-02-09,601012,10:59:33,19.4400,370,4
2026-02-09,601012,10:59:36,19.4500,508,1
2026-02-09,601012,10:59:39,19.4500,274,1
2026-02-09,601012,10:59:42,19.4500,99,2
2026-02-09,601012,10:59:46,19.4500,264,2
2026-02-09,601012,10:59:48,19.4400,505,2
2026-02-09,601012,10:59:51,19.4500,134,1
2026-02-09,601012,10:59:54,19.4400,297,2
2026-02-09,601012,10:59:58,19.4400,444,2
2026-02-09,601012,11:00:00,19.4400,102,2
2026-02-09,601012,11:00:03,19.4400,271,2
2026-02-09,601012,11:00:07,19.4500,69,1
2026-02-09,601012,11:00:09,19.4400,73,2
2026-02-09,601012,11:00:13,19.4500,311,1
2026-02-09,601012,11:00:15,19.4400,317,2
2026-02-09,601012,11:00:18,19.4500,331,1
2026-02-09,601012,11:00:22,19.4500,554,1
2026-02-09,601012,11:00:25,19.4500,360,2
2026-02-09,601012,11:00:27,19.4500,220,2
2026-02-09,601012,11:00:30,19.4500,313,2
2026-02-09,601012,11:00:34,19.4500,63,1
2026-02-09,601012,11:00:36,19.4500,56,1
2026-02-09,601012,11:00:40,19.4500,84,1
2026-02-09,601012,11:00:42,19.4400,99,2
2026-02-09,601012,11:00:45,19.4500,153,1
2026-02-09,601012,11:00:48,19.4400,504,2
2026-02-09,601012,11:00:51,19.4400,164,2
2026-02-09,601012,11:00:54,19.4500,745,1
2026-02-09,601012,11:00:57,19.4500,214,1
2026-02-09,601012,11:01:01,19.4500,162,1
2026-02-09,601012,11:01:03,19.4400,259,2
2026-02-09,601012,11:01:06,19.4400,2346,2
2026-02-09,601012,11:01:09,19.4400,228,1
2026-02-09,601012,11:01:12,19.4500,631,1
2026-02-09,601012,11:01:15,19.4400,299,2
2026-02-09,601012,11:01:18,19.4500,219,1
2026-02-09,601012,11:01:21,19.4500,1356,1
2026-02-09,601012,11:01:24,19.4500,296,2
2026-02-09,601012,11:01:27,19.4500,224,1
2026-02-09,601012,11:01:30,19.4600,278,1
2026-02-09,601012,11:01:33,19.4500,313,2
2026-02-09,601012,11:01:36,19.4700,181,1
2026-02-09,601012,11:01:39,19.4600,220,2
2026-02-09,601012,11:01:43,19.4600,134,2
2026-02-09,601012,11:01:45,19.4700,95,1
2026-02-09,601012,11:01:48,19.4700,397,1
2026-02-09,601012,11:01:51,19.4700,176,1
2026-02-09,601012,11:01:54,19.4700,375,1
2026-02-09,601012,11:01:57,19.4700,148,1
2026-02-09,601012,11:02:00,19.4700,239,1
2026-02-09,601012,11:02:04,19.4600,288,2
2026-02-09,601012,11:02:06,19.4600,259,2
2026-02-09,601012,11:02:09,19.4700,1268,1
2026-02-09,601012,11:02:12,19.4700,41,2
2026-02-09,601012,11:02:15,19.4800,178,1
2026-02-09,601012,11:02:18,19.4800,272,1
2026-02-09,601012,11:02:21,19.4700,169,2
2026-02-09,601012,11:02:24,19.4700,81,2
2026-02-09,601012,11:02:27,19.4800,82,1
2026-02-09,601012,11:02:30,19.4800,180,1
2026-02-09,601012,11:02:33,19.4800,683,1
2026-02-09,601012,11:02:36,19.4800,896,1
2026-02-09,601012,11:02:39,19.4700,907,2
2026-02-09,601012,11:02:42,19.4900,73,1
2026-02-09,601012,11:02:45,19.4900,1020,1
2026-02-09,601012,11:02:48,19.5000,1651,1
2026-02-09,601012,11:02:51,19.5000,2081,1
2026-02-09,601012,11:02:55,19.5000,1462,1
2026-02-09,601012,11:02:58,19.5200,1290,1
2026-02-09,601012,11:03:00,19.5100,518,2
2026-02-09,601012,11:03:03,19.4900,611,2
2026-02-09,601012,11:03:06,19.4900,126,1
2026-02-09,601012,11:03:09,19.4900,528,1
2026-02-09,601012,11:03:12,19.4900,1398,2
2026-02-09,601012,11:03:15,19.4700,1615,2
2026-02-09,601012,11:03:18,19.4900,119,1
2026-02-09,601012,11:03:21,19.4700,254,1
2026-02-09,601012,11:03:24,19.4900,124,1
2026-02-09,601012,11:03:27,19.4900,19,1
2026-02-09,601012,11:03:30,19.4900,78,1
2026-02-09,601012,11:03:33,19.4900,190,1
2026-02-09,601012,11:03:36,19.4900,118,1
2026-02-09,601012,11:03:39,19.4900,244,1
2026-02-09,601012,11:03:42,19.4900,183,1
2026-02-09,601012,11:03:45,19.4900,405,1
2026-02-09,601012,11:03:48,19.4800,240,2
2026-02-09,601012,11:03:51,19.4800,61,1
2026-02-09,601012,11:03:54,19.4700,78,2
2026-02-09,601012,11:03:57,19.4700,39,2
2026-02-09,601012,11:04:00,19.4700,211,2
2026-02-09,601012,11:04:04,19.4700,127,2
2026-02-09,601012,11:04:07,19.4800,233,1
2026-02-09,601012,11:04:09,19.4800,150,1
2026-02-09,601012,11:04:13,19.4800,812,1
2026-02-09,601012,11:04:15,19.4800,83,4
2026-02-09,601012,11:04:18,19.4800,329,2
2026-02-09,601012,11:04:22,19.4900,324,4
2026-02-09,601012,11:04:25,19.4800,169,2
2026-02-09,601012,11:04:27,19.4800,244,2
2026-02-09,601012,11:04:30,19.4900,143,1
2026-02-09,601012,11:04:33,19.5000,1483,1
2026-02-09,601012,11:04:36,19.5100,215,1
2026-02-09,601012,11:04:39,19.5100,247,1
2026-02-09,601012,11:04:42,19.5100,452,1
2026-02-09,601012,11:04:45,19.5100,295,1
2026-02-09,601012,11:04:48,19.5200,558,1
2026-02-09,601012,11:04:52,19.5200,168,1
2026-02-09,601012,11:04:54,19.5200,125,1
2026-02-09,601012,11:04:57,19.5200,140,1
2026-02-09,601012,11:05:00,19.5200,55,2
2026-02-09,601012,11:05:03,19.5200,244,2
2026-02-09,601012,11:05:06,19.5200,102,2
2026-02-09,601012,11:05:10,19.5200,149,2
2026-02-09,601012,11:05:12,19.5300,669,1
2026-02-09,601012,11:05:15,19.5200,256,4
2026-02-09,601012,11:05:18,19.5100,206,2
2026-02-09,601012,11:05:21,19.5100,151,2
2026-02-09,601012,11:05:24,19.5200,24,1
2026-02-09,601012,11:05:27,19.5100,128,2
2026-02-09,601012,11:05:30,19.5100,313,2
2026-02-09,601012,11:05:34,19.5100,377,1
2026-02-09,601012,11:05:36,19.5100,325,2
2026-02-09,601012,11:05:39,19.5100,221,2
2026-02-09,601012,11:05:42,19.5200,205,1
2026-02-09,601012,11:05:45,19.5100,407,2
2026-02-09,601012,11:05:48,19.5100,186,1
2026-02-09,601012,11:05:51,19.5200,247,1
2026-02-09,601012,11:05:54,19.5100,79,2
2026-02-09,601012,11:05:57,19.5100,229,2
2026-02-09,601012,11:06:00,19.5100,636,1
2026-02-09,601012,11:06:03,19.5100,110,1
2026-02-09,601012,11:06:06,19.5100,630,1
2026-02-09,601012,11:06:09,19.5100,93,2
2026-02-09,601012,11:06:13,19.5000,491,2
2026-02-09,601012,11:06:15,19.5100,80,1
2026-02-09,601012,11:06:18,19.5000,44,2
2026-02-09,601012,11:06:21,19.5000,1367,2
2026-02-09,601012,11:06:25,19.5000,410,1
2026-02-09,601012,11:06:27,19.5000,99,1
2026-02-09,601012,11:06:30,19.5000,370,1
2026-02-09,601012,11:06:33,19.4900,227,2
2026-02-09,601012,11:06:36,19.5000,291,1
2026-02-09,601012,11:06:39,19.4900,90,2
2026-02-09,601012,11:06:42,19.4900,65,2
2026-02-09,601012,11:06:45,19.4900,300,2
2026-02-09,601012,11:06:48,19.4900,103,2
2026-02-09,601012,11:06:51,19.4800,619,2
2026-02-09,601012,11:06:54,19.4800,521,2
2026-02-09,601012,11:06:57,19.4800,610,1
2026-02-09,601012,11:07:00,19.4600,1422,2
2026-02-09,601012,11:07:04,19.4700,417,1
2026-02-09,601012,11:07:06,19.4600,82,1
2026-02-09,601012,11:07:09,19.4600,1971,1
2026-02-09,601012,11:07:12,19.4500,468,4
2026-02-09,601012,11:07:16,19.4600,1281,1
2026-02-09,601012,11:07:18,19.4500,186,2
2026-02-09,601012,11:07:21,19.4400,170,2
2026-02-09,601012,11:07:24,19.4400,708,2
2026-02-09,601012,11:07:28,19.4500,110,1
2026-02-09,601012,11:07:31,19.4400,144,2
2026-02-09,601012,11:07:33,19.4400,180,2
2026-02-09,601012,11:07:36,19.4300,99,2
2026-02-09,601012,11:07:39,19.4300,143,2
2026-02-09,601012,11:07:42,19.4400,236,1
2026-02-09,601012,11:07:45,19.4400,223,1
2026-02-09,601012,11:07:48,19.4300,838,2
2026-02-09,601012,11:07:52,19.4300,196,1
2026-02-09,601012,11:07:54,19.4300,534,1
2026-02-09,601012,11:07:57,19.4200,89,2
2026-02-09,601012,11:08:01,19.4300,741,1
2026-02-09,601012,11:08:04,19.4300,698,1
2026-02-09,601012,11:08:06,19.4200,267,2
2026-02-09,601012,11:08:09,19.4200,871,2
2026-02-09,601012,11:08:12,19.4200,238,2
2026-02-09,601012,11:08:15,19.4200,95,2
2026-02-09,601012,11:08:18,19.4200,220,1
2026-02-09,601012,11:08:21,19.4200,122,1
2026-02-09,601012,11:08:24,19.4200,261,1
2026-02-09,601012,11:08:27,19.4100,48,2
2026-02-09,601012,11:08:30,19.4100,330,2
2026-02-09,601012,11:08:34,19.4100,563,2
2026-02-09,601012,11:08:36,19.4100,86,2
2026-02-09,601012,11:08:39,19.4100,613,2
2026-02-09,601012,11:08:42,19.4200,737,1
2026-02-09,601012,11:08:46,19.4100,134,2
2026-02-09,601012,11:08:48,19.4100,268,2
2026-02-09,601012,11:08:51,19.4100,266,2
2026-02-09,601012,11:08:54,19.4200,303,1
2026-02-09,601012,11:08:58,19.4100,880,2
2026-02-09,601012,11:09:01,19.4200,163,1
2026-02-09,601012,11:09:03,19.4200,528,2
2026-02-09,601012,11:09:06,19.4200,448,2
2026-02-09,601012,11:09:09,19.4200,216,2
2026-02-09,601012,11:09:12,19.4300,213,1
2026-02-09,601012,11:09:15,19.4300,267,2
2026-02-09,601012,11:09:19,19.4300,299,1
2026-02-09,601012,11:09:21,19.4300,244,1
2026-02-09,601012,11:09:24,19.4200,149,2
2026-02-09,601012,11:09:27,19.4200,376,2
2026-02-09,601012,11:09:31,19.4200,211,2
2026-02-09,601012,11:09:34,19.4300,1010,1
2026-02-09,601012,11:09:37,19.4200,363,4
2026-02-09,601012,11:09:39,19.4200,83,1
2026-02-09,601012,11:09:42,19.4200,246,1
2026-02-09,601012,11:09:45,19.4200,252,1
2026-02-09,601012,11:09:48,19.4200,243,1
2026-02-09,601012,11:09:51,19.4200,222,1
2026-02-09,601012,11:09:55,19.4200,345,1
2026-02-09,601012,11:09:57,19.4100,126,2
2026-02-09,601012,11:10:00,19.4100,390,2
2026-02-09,601012,11:10:03,19.4100,147,2
2026-02-09,601012,11:10:06,19.4200,90,1
2026-02-09,601012,11:10:09,19.4200,79,1
2026-02-09,601012,11:10:12,19.4200,300,1
2026-02-09,601012,11:10:16,19.4200,800,1
2026-02-09,601012,11:10:18,19.4200,90,2
2026-02-09,601012,11:10:21,19.4200,199,2
2026-02-09,601012,11:10:24,19.4300,206,1
2026-02-09,601012,11:10:27,19.4200,334,2
2026-02-09,601012,11:10:30,19.4200,33,2
2026-02-09,601012,11:10:33,19.4200,258,2
2026-02-09,601012,11:10:36,19.4200,160,2
2026-02-09,601012,11:10:39,19.4200,97,2
2026-02-09,601012,11:10:42,19.4200,55,2
2026-02-09,601012,11:10:45,19.4300,287,1
2026-02-09,601012,11:10:48,19.4200,123,2
2026-02-09,601012,11:10:51,19.4300,343,1
2026-02-09,601012,11:10:54,19.4200,186,2
2026-02-09,601012,11:10:57,19.4300,104,1
2026-02-09,601012,11:11:00,19.4300,290,1
2026-02-09,601012,11:11:03,19.4200,114,2
2026-02-09,601012,11:11:06,19.4200,49,2
2026-02-09,601012,11:11:09,19.4200,92,2
2026-02-09,601012,11:11:13,19.4200,148,2
2026-02-09,601012,11:11:15,19.4200,155,2
2026-02-09,601012,11:11:18,19.4200,133,2
2026-02-09,601012,11:11:21,19.4200,80,2
2026-02-09,601012,11:11:25,19.4200,1117,2
2026-02-09,601012,11:11:28,19.4300,163,1
2026-02-09,601012,11:11:31,19.4300,698,1
2026-02-09,601012,11:11:33,19.4300,142,1
2026-02-09,601012,11:11:36,19.4300,291,1
2026-02-09,601012,11:11:39,19.4300,139,1
2026-02-09,601012,11:11:42,19.4300,81,1
2026-02-09,601012,11:11:46,19.4300,94,1
2026-02-09,601012,11:11:48,19.4200,103,2
2026-02-09,601012,11:11:51,19.4200,126,2
2026-02-09,601012,11:11:55,19.4300,111,1
2026-02-09,601012,11:11:57,19.4300,98,1
2026-02-09,601012,11:12:00,19.4300,270,1
2026-02-09,601012,11:12:04,19.4300,688,2
2026-02-09,601012,11:12:07,19.4300,342,1
2026-02-09,601012,11:12:09,19.4200,123,2
2026-02-09,601012,11:12:12,19.4300,513,1
2026-02-09,601012,11:12:16,19.4200,779,2
2026-02-09,601012,11:12:18,19.4200,393,2
2026-02-09,601012,11:12:21,19.4200,269,1
2026-02-09,601012,11:12:24,19.4200,252,1
2026-02-09,601012,11:12:27,19.4300,177,1
2026-02-09,601012,11:12:30,19.4300,171,1
2026-02-09,601012,11:12:33,19.4300,177,2
2026-02-09,601012,11:12:36,19.4300,346,2
2026-02-09,601012,11:12:39,19.4400,143,1
2026-02-09,601012,11:12:42,19.4400,456,2
2026-02-09,601012,11:12:45,19.4500,60,1
2026-02-09,601012,11:12:48,19.4400,199,2
2026-02-09,601012,11:12:51,19.4400,459,2
2026-02-09,601012,11:12:54,19.4400,273,1
2026-02-09,601012,11:12:57,19.4400,110,2
2026-02-09,601012,11:13:00,19.4400,72,2
2026-02-09,601012,11:13:03,19.4400,127,2
2026-02-09,601012,11:13:06,19.4400,153,2
2026-02-09,601012,11:13:09,19.4400,107,1
2026-02-09,601012,11:13:12,19.4300,149,2
2026-02-09,601012,11:13:16,19.4400,79,1
2026-02-09,601012,11:13:18,19.4300,155,2
2026-02-09,601012,11:13:21,19.4400,202,1
2026-02-09,601012,11:13:24,19.4400,77,1
2026-02-09,601012,11:13:27,19.4400,126,1
2026-02-09,601012,11:13:30,19.4300,13,2
2026-02-09,601012,11:13:33,19.4400,378,1
2026-02-09,601012,11:13:36,19.4100,3524,2
2026-02-09,601012,11:13:39,19.4100,709,2
2026-02-09,601012,11:13:43,19.4200,124,1
2026-02-09,601012,11:13:46,19.4300,755,1
2026-02-09,601012,11:13:48,19.4300,443,1
2026-02-09,601012,11:13:51,19.4300,518,4
2026-02-09,601012,11:13:54,19.4300,196,1
2026-02-09,601012,11:13:57,19.4300,169,2
2026-02-09,601012,11:14:00,19.4400,233,1
2026-02-09,601012,11:14:03,19.4200,194,2
2026-02-09,601012,11:14:06,19.4300,278,1
2026-02-09,601012,11:14:09,19.4300,158,2
2026-02-09,601012,11:14:12,19.4300,261,2
2026-02-09,601012,11:14:15,19.4400,210,1
2026-02-09,601012,11:14:18,19.4400,164,1
2026-02-09,601012,11:14:21,19.4200,519,2
2026-02-09,601012,11:14:24,19.4200,276,2
2026-02-09,601012,11:14:27,19.4300,72,1
2026-02-09,601012,11:14:31,19.4200,784,2
2026-02-09,601012,11:14:33,19.4300,253,1
2026-02-09,601012,11:14:36,19.4200,483,2
2026-02-09,601012,11:14:39,19.4200,98,1
2026-02-09,601012,11:14:42,19.4200,90,1
2026-02-09,601012,11:14:45,19.4200,60,1
2026-02-09,601012,11:14:48,19.4200,176,1
2026-02-09,601012,11:14:51,19.4200,223,2
2026-02-09,601012,11:14:54,19.4200,243,2
2026-02-09,601012,11:14:57,19.4200,128,2
2026-02-09,601012,11:15:01,19.4200,213,2
2026-02-09,601012,11:15:03,19.4200,174,2
2026-02-09,601012,11:15:06,19.4300,210,1
2026-02-09,601012,11:15:09,19.4200,154,2
2026-02-09,601012,11:15:12,19.4200,307,2
2026-02-09,601012,11:15:16,19.4200,433,2
2026-02-09,601012,11:15:18,19.4200,39,2
2026-02-09,601012,11:15:21,19.4300,292,1
2026-02-09,601012,11:15:24,19.4200,313,2
2026-02-09,601012,11:15:27,19.4300,69,1
2026-02-09,601012,11:15:30,19.4200,104,2
2026-02-09,601012,11:15:34,19.4200,74,2
2026-02-09,601012,11:15:37,19.4300,338,1
2026-02-09,601012,11:15:39,19.4300,124,1
2026-02-09,601012,11:15:42,19.4200,475,2
2026-02-09,601012,11:15:45,19.4200,59,2
2026-02-09,601012,11:15:48,19.4300,361,1
2026-02-09,601012,11:15:51,19.4300,104,1
2026-02-09,601012,11:15:54,19.4300,244,1
2026-02-09,601012,11:15:58,19.4200,142,2
2026-02-09,601012,11:16:00,19.4200,953,2
2026-02-09,601012,11:16:03,19.4300,951,1
2026-02-09,601012,11:16:06,19.4400,525,1
2026-02-09,601012,11:16:09,19.4500,549,1
2026-02-09,601012,11:16:12,19.4400,555,2
2026-02-09,601012,11:16:15,19.4600,187,1
2026-02-09,601012,11:16:18,19.4600,312,1
2026-02-09,601012,11:16:21,19.4500,272,2
2026-02-09,601012,11:16:24,19.4600,107,1
2026-02-09,601012,11:16:27,19.4600,156,1
2026-02-09,601012,11:16:30,19.4600,219,1
2026-02-09,601012,11:16:34,19.4600,363,1
2026-02-09,601012,11:16:36,19.4600,122,1
2026-02-09,601012,11:16:39,19.4600,210,1
2026-02-09,601012,11:16:42,19.4600,82,2
2026-02-09,601012,11:16:45,19.4600,92,2
2026-02-09,601012,11:16:49,19.4600,623,2
2026-02-09,601012,11:16:51,19.4600,759,2
2026-02-09,601012,11:16:54,19.4700,909,1
2026-02-09,601012,11:16:57,19.4700,510,1
2026-02-09,601012,11:17:00,19.4700,170,2
2026-02-09,601012,11:17:03,19.4800,112,1
2026-02-09,601012,11:17:07,19.4800,473,1
2026-02-09,601012,11:17:09,19.4800,94,1
2026-02-09,601012,11:17:12,19.4800,258,1
2026-02-09,601012,11:17:15,19.4800,66,1
2026-02-09,601012,11:17:18,19.4800,115,1
2026-02-09,601012,11:17:21,19.4700,332,2
2026-02-09,601012,11:17:24,19.4700,240,1
2026-02-09,601012,11:17:27,19.4700,235,1
2026-02-09,601012,11:17:30,19.4700,259,2
2026-02-09,601012,11:17:33,19.4700,225,2
2026-02-09,601012,11:17:36,19.4700,273,2
2026-02-09,601012,11:17:39,19.4700,291,1
2026-02-09,601012,11:17:42,19.4700,169,1
2026-02-09,601012,11:17:45,19.4700,250,1
2026-02-09,601012,11:17:49,19.4600,99,2
2026-02-09,601012,11:17:52,19.4700,153,1
2026-02-09,601012,11:17:55,19.4500,823,2
2026-02-09,601012,11:17:57,19.4600,281,1
2026-02-09,601012,11:18:00,19.4400,766,2
2026-02-09,601012,11:18:03,19.4500,218,4
2026-02-09,601012,11:18:06,19.4500,144,2
2026-02-09,601012,11:18:09,19.4500,150,1
2026-02-09,601012,11:18:12,19.4400,154,2
2026-02-09,601012,11:18:15,19.4500,45,1
2026-02-09,601012,11:18:18,19.4400,181,2
2026-02-09,601012,11:18:21,19.4400,969,1
2026-02-09,601012,11:18:24,19.4400,219,1
2026-02-09,601012,11:18:28,19.4300,416,2
2026-02-09,601012,11:18:30,19.4300,226,2
2026-02-09,601012,11:18:33,19.4200,134,2
2026-02-09,601012,11:18:36,19.4300,116,1
2026-02-09,601012,11:18:39,19.4300,38,1
2026-02-09,601012,11:18:42,19.4300,244,1
2026-02-09,601012,11:18:46,19.4200,98,2
2026-02-09,601012,11:18:48,19.4200,150,2
2026-02-09,601012,11:18:51,19.4200,81,2
2026-02-09,601012,11:18:55,19.4300,369,1
2026-02-09,601012,11:18:57,19.4300,68,1
2026-02-09,601012,11:19:00,19.4300,115,1
2026-02-09,601012,11:19:03,19.4300,257,1
2026-02-09,601012,11:19:06,19.4200,135,2
2026-02-09,601012,11:19:09,19.4200,118,2
2026-02-09,601012,11:19:12,19.4200,212,2
2026-02-09,601012,11:19:15,19.4200,84,2
2026-02-09,601012,11:19:18,19.4200,156,2
2026-02-09,601012,11:19:21,19.4200,369,2
2026-02-09,601012,11:19:24,19.4200,333,2
2026-02-09,601012,11:19:28,19.4200,264,2
2026-02-09,601012,11:19:30,19.4200,268,2
