date,code,time,price,volume,bs
2026-03-30,000858,14:02:54,103.5600,16,1
2026-03-30,000858,14:02:57,103.5500,2,4
2026-03-30,000858,14:03:00,103.4900,173,2
2026-03-30,000858,14:03:03,103.5200,61,1
2026-03-30,000858,14:03:06,103.5200,1,1
2026-03-30,000858,14:03:09,103.5200,38,1
2026-03-30,000858,14:03:12,103.5100,1,2
2026-03-30,000858,14:03:15,103.5200,47,1
2026-03-30,000858,14:03:18,103.5100,65,2
2026-03-30,000858,14:03:21,103.5100,28,1
2026-03-30,000858,14:03:24,103.5000,7,2
2026-03-30,000858,14:03:27,103.5000,16,2
2026-03-30,000858,14:03:30,103.5000,1,2
2026-03-30,000858,14:03:33,103.5000,11,2
2026-03-30,000858,14:03:36,103.5000,12,2
2026-03-30,000858,14:03:39,103.5100,6,1
2026-03-30,000858,14:03:42,103.5000,2,2
2026-03-30,000858,14:03:45,103.5100,5,1
2026-03-30,000858,14:03:48,103.5000,3,2
2026-03-30,000858,14:03:51,103.5000,37,2
2026-03-30,000858,14:03:54,103.4900,13,2
2026-03-30,000858,14:03:57,103.5000,12,1
2026-03-30,000858,14:04:00,103.4900,6,4
2026-03-30,000858,14:04:03,103.5000,3,1
2026-03-30,000858,14:04:06,103.5000,3,1
2026-03-30,000858,14:04:09,103.4900,3,2
2026-03-30,000858,14:04:12,103.5000,2,1
2026-03-30,000858,14:04:15,103.5000,2,1
2026-03-30,000858,14:04:18,103.4900,10,2
2026-03-30,000858,14:04:21,103.5000,21,1
2026-03-30,000858,14:04:24,103.4900,15,2
2026-03-30,000858,14:04:27,103.5000,7,1
2026-03-30,000858,14:04:30,103.4900,5,2
2026-03-30,000858,14:04:33,103.5100,45,1
2026-03-30,000858,14:04:36,103.4900,3,2
2026-03-30,000858,14:04:39,103.5000,14,1
2026-03-30,000858,14:04:42,103.5000,4,1
2026-03-30,000858,14:04:51,103.5000,3,1
2026-03-30,000858,14:04:54,103.5000,5,1
2026-03-30,000858,14:05:00,103.5000,16,1
2026-03-30,000858,14:05:03,103.4900,8,2
2026-03-30,000858,14:05:06,103.4900,16,1
2026-03-30,000858,14:05:09,103.4900,2,1
2026-03-30,000858,14:05:12,103.4900,5,1
2026-03-30,000858,14:05:15,103.4900,1,1
2026-03-30,000858,14:05:18,103.4900,15,1
2026-03-30,000858,14:05:21,103.4800,12,2
2026-03-30,000858,14:05:30,103.4800,4,2
2026-03-30,000858,14:05:39,103.4900,2,1
2026-03-30,000858,14:05:42,103.4800,2,2
2026-03-30,000858,14:05:45,103.4800,3,2
2026-03-30,000858,14:05:48,103.4900,2,1
2026-03-30,000858,14:05:51,103.4900,37,1
2026-03-30,000858,14:05:54,103.5000,4,1
2026-03-30,000858,14:05:57,103.4800,9,2
2026-03-30,000858,14:06:00,103.4900,8,2
2026-03-30,000858,14:06:03,103.4900,2,1
2026-03-30,000858,14:06:12,103.4800,1,2
2026-03-30,000858,14:06:15,103.4900,2,1
2026-03-30,000858,14:06:21,103.4800,6,2
2026-03-30,000858,14:06:24,103.4800,5,2
2026-03-30,000858,14:06:27,103.4800,27,2
2026-03-30,000858,14:06:30,103.4800,8,2
2026-03-30,000858,14:06:33,103.4800,4,2
2026-03-30,000858,14:06:36,103.4800,1,2
2026-03-30,000858,14:06:39,103.4800,4,2
2026-03-30,000858,14:06:42,103.4800,1,2
2026-03-30,000858,14:06:45,103.4900,3,1
2026-03-30,000858,14:06:48,103.5000,18,1
2026-03-30,000858,14:06:51,103.4900,11,2
2026-03-30,000858,14:06:54,103.5000,13,1
2026-03-30,000858,14:06:57,103.4900,6,2
2026-03-30,000858,14:07:03,103.5000,2,1
2026-03-30,000858,14:07:06,103.5000,3,1
2026-03-30,000858,14:07:09,103.5000,86,1
2026-03-30,000858,14:07:12,103.5000,24,1
2026-03-30,000858,14:07:15,103.4900,13,2
2026-03-30,000858,14:07:21,103.4900,9,2
2026-03-30,000858,14:07:27,103.4900,26,2
2026-03-30,000858,14:07:30,103.4900,10,2
2026-03-30,000858,14:07:33,103.5000,30,1
2026-03-30,000858,14:07:36,103.4900,6,2
2026-03-30,000858,14:07:39,103.4900,4,2
2026-03-30,000858,14:07:42,103.5000,13,1
2026-03-30,000858,14:07:45,103.5000,4,1
2026-03-30,000858,14:07:51,103.5000,2,1
2026-03-30,000858,14:07:54,103.4900,9,2
2026-03-30,000858,14:07:57,103.5000,20,1
2026-03-30,000858,14:08:00,103.5000,5,1
2026-03-30,000858,14:08:03,103.4900,5,2
2026-03-30,000858,14:08:06,103.5000,1,1
2026-03-30,000858,14:08:09,103.4900,18,2
2026-03-30,000858,14:08:12,103.5000,1,1
2026-03-30,000858,14:08:15,103.5000,5,1
2026-03-30,000858,14:08:21,103.4900,9,2
2026-03-30,000858,14:08:24,103.4900,5,2
2026-03-30,000858,14:08:27,103.4900,5,2
2026-03-30,000858,14:08:30,103.5000,18,1
2026-03-30,000858,14:08:33,103.5000,3,1
2026-03-30,000858,14:08:36,103.4900,1,2
2026-03-30,000858,14:08:39,103.5100,52,1
2026-03-30,000858,14:08:42,103.5100,13,1
2026-03-30,000858,14:08:48,103.5000,8,2
2026-03-30,000858,14:08:51,103.5100,2,1
2026-03-30,000858,14:08:54,103.5000,7,2
2026-03-30,000858,14:08:57,103.5100,1,1
2026-03-30,000858,14:09:00,103.5000,5,2
2026-03-30,000858,14:09:03,103.5000,1,2
2026-03-30,000858,14:09:06,103.5000,3,2
2026-03-30,000858,14:09:09,103.5000,7,2
2026-03-30,000858,14:09:12,103.5000,2,2
2026-03-30,000858,14:09:15,103.5100,15,1
2026-03-30,000858,14:09:18,103.5000,2,2
2026-03-30,000858,14:09:21,103.5000,17,2
2026-03-30,000858,14:09:24,103.5000,23,2
2026-03-30,000858,14:09:27,103.5000,20,2
2026-03-30,000858,14:09:33,103.5000,5,2
2026-03-30,000858,14:09:36,103.5000,13,2
2026-03-30,000858,14:09:42,103.5000,31,2
2026-03-30,000858,14:09:45,103.5000,1,2
2026-03-30,000858,14:09:48,103.5000,84,2
2026-03-30,000858,14:09:51,103.4900,10,2
2026-03-30,000858,14:09:54,103.4900,36,2
2026-03-30,000858,14:09:57,103.4900,25,2
2026-03-30,000858,14:10:00,103.4800,9,2
2026-03-30,000858,14:10:03,103.4800,15,2
2026-03-30,000858,14:10:06,103.4800,32,2
2026-03-30,000858,14:10:12,103.4700,8,2
2026-03-30,000858,14:10:15,103.4700,3,2
2026-03-30,000858,14:10:18,103.4700,3,2
2026-03-30,000858,14:10:21,103.4800,5,1
2026-03-30,000858,14:10:24,103.4700,5,2
2026-03-30,000858,14:10:30,103.4600,8,2
2026-03-30,000858,14:10:33,103.4500,3,2
2026-03-30,000858,14:10:36,103.4400,4,2
2026-03-30,000858,14:10:42,103.4500,1,1
2026-03-30,000858,14:10:45,103.4400,1,2
2026-03-30,000858,14:10:48,103.4500,1,1
2026-03-30,000858,14:10:51,103.4400,4,2
2026-03-30,000858,14:10:54,103.4400,11,2
2026-03-30,000858,14:10:57,103.4400,5,2
2026-03-30,000858,14:11:06,103.4300,17,2
2026-03-30,000858,14:11:09,103.4200,4,2
2026-03-30,000858,14:11:12,103.4200,1,2
2026-03-30,000858,14:11:15,103.4200,2,2
2026-03-30,000858,14:11:18,103.4100,5,2
2026-03-30,000858,14:11:21,103.4200,1,1
2026-03-30,000858,14:11:27,103.4000,7,2
2026-03-30,000858,14:11:33,103.3900,1,2
2026-03-30,000858,14:11:36,103.3900,2,2
2026-03-30,000858,14:11:39,103.3900,3,2
2026-03-30,000858,14:11:42,103.3900,18,2
2026-03-30,000858,14:11:45,103.4100,68,1
2026-03-30,000858,14:11:48,103.4200,13,1
2026-03-30,000858,14:11:51,103.4100,1,2
2026-03-30,000858,14:11:54,103.4200,13,1
2026-03-30,000858,14:11:57,103.4100,23,2
2026-03-30,000858,14:12:00,103.4100,15,2
2026-03-30,000858,14:12:06,103.4100,39,1
2026-03-30,000858,14:12:09,103.4100,3,2
2026-03-30,000858,14:12:15,103.4000,9,2
2026-03-30,000858,14:12:18,103.4000,1,2
2026-03-30,000858,14:12:21,103.4000,4,1
2026-03-30,000858,14:12:27,103.3900,1,2
2026-03-30,000858,14:12:30,103.3900,2,2
2026-03-30,000858,14:12:33,103.3900,15,2
2026-03-30,000858,14:12:36,103.3900,5,2
2026-03-30,000858,14:12:39,103.3900,12,2
2026-03-30,000858,14:12:42,103.3900,1,2
2026-03-30,000858,14:12:45,103.3800,6,2
2026-03-30,000858,14:12:48,103.3800,1,2
2026-03-30,000858,14:12:51,103.3900,3,1
2026-03-30,000858,14:12:54,103.3800,23,2
2026-03-30,000858,14:12:57,103.3800,5,2
2026-03-30,000858,14:13:00,103.3700,11,2
2026-03-30,000858,14:13:06,103.3700,16,2
2026-03-30,000858,14:13:09,103.3800,5,1
2026-03-30,000858,14:13:12,103.3800,5,1
2026-03-30,000858,14:13:15,103.3700,16,2
2026-03-30,000858,14:13:21,103.3700,9,2
2026-03-30,000858,14:13:24,103.3700,1,2
2026-03-30,000858,14:13:27,103.3700,1,2
2026-03-30,000858,14:13:33,103.3700,1,2
2026-03-30,000858,14:13:36,103.3700,6,2
2026-03-30,000858,14:13:39,103.3800,4,1
2026-03-30,000858,14:13:42,103.3800,28,1
2026-03-30,000858,14:13:45,103.3700,6,2
2026-03-30,000858,14:13:48,103.3700,5,2
2026-03-30,000858,14:13:51,103.3700,5,2
2026-03-30,000858,14:13:57,103.3800,1,1
2026-03-30,000858,14:14:00,103.3900,62,1
2026-03-30,000858,14:14:03,103.4000,10,1
2026-03-30,000858,14:14:06,103.4000,2,1
2026-03-30,000858,14:14:09,103.4100,30,1
2026-03-30,000858,14:14:12,103.4100,10,1
2026-03-30,000858,14:14:15,103.4200,12,1
2026-03-30,000858,14:14:18,103.4300,4,1
2026-03-30,000858,14:14:24,103.4200,4,4
2026-03-30,000858,14:14:27,103.4300,6,1
2026-03-30,000858,14:14:33,103.4300,3,1
2026-03-30,000858,14:14:36,103.4300,5,1
2026-03-30,000858,14:14:39,103.4500,28,1
2026-03-30,000858,14:14:42,103.4500,7,1
2026-03-30,000858,14:14:45,103.4500,1,1
2026-03-30,000858,14:14:48,103.4500,4,1
2026-03-30,000858,14:14:51,103.4500,3,1
2026-03-30,000858,14:14:54,103.4400,2,4
2026-03-30,000858,14:14:57,103.4300,2,2
2026-03-30,000858,14:15:03,103.4300,5,2
2026-03-30,000858,14:15:06,103.4300,7,2
2026-03-30,000858,14:15:09,103.4400,18,4
2026-03-30,000858,14:15:12,103.4500,10,1
2026-03-30,000858,14:15:15,103.4500,8,1
2026-03-30,000858,14:15:18,103.4400,8,2
2026-03-30,000858,14:15:21,103.4500,77,1
2026-03-30,000858,14:15:24,103.4500,81,1
2026-03-30,000858,14:15:27,103.4500,14,2
2026-03-30,000858,14:15:30,103.4500,29,2
2026-03-30,000858,14:15:33,103.4500,23,1
2026-03-30,000858,14:15:36,103.4400,5,2
2026-03-30,000858,14:15:39,103.4500,35,1
2026-03-30,000858,14:15:42,103.4500,6,2
2026-03-30,000858,14:15:45,103.4500,6,2
2026-03-30,000858,14:15:48,103.4500,4,2
2026-03-30,000858,14:15:51,103.4500,96,2
2026-03-30,000858,14:15:54,103.4500,22,1
2026-03-30,000858,14:15:57,103.4500,27,2
2026-03-30,000858,14:16:00,103.4600,5,1
2026-03-30,000858,14:16:03,103.4500,22,2
2026-03-30,000858,14:16:06,103.4600,2,1
2026-03-30,000858,14:16:15,103.4600,11,1
2026-03-30,000858,14:16:18,103.4500,2,2
2026-03-30,000858,14:16:21,103.4600,4,1
2026-03-30,000858,14:16:24,103.4600,4,1
2026-03-30,000858,14:16:27,103.4600,10,1
2026-03-30,000858,14:16:30,103.4600,5,1
2026-03-30,000858,14:16:33,103.4500,35,2
2026-03-30,000858,14:16:36,103.4600,22,1
2026-03-30,000858,14:16:39,103.4700,14,1
2026-03-30,000858,14:16:42,103.4800,28,1
2026-03-30,000858,14:16:45,103.4700,1,4
2026-03-30,000858,14:16:48,103.4600,1,2
2026-03-30,000858,14:16:51,103.4700,6,1
2026-03-30,000858,14:16:54,103.4800,3,1
2026-03-30,000858,14:16:57,103.4700,19,2
2026-03-30,000858,14:17:00,103.4800,3,1
2026-03-30,000858,14:17:03,103.4800,23,1
2026-03-30,000858,14:17:06,103.4800,13,1
2026-03-30,000858,14:17:09,103.4800,4,1
2026-03-30,000858,14:17:12,103.4700,3,2
2026-03-30,000858,14:17:15,103.4700,15,2
2026-03-30,000858,14:17:18,103.4700,31,2
2026-03-30,000858,14:17:21,103.4500,16,2
2026-03-30,000858,14:17:24,103.4500,2,2
2026-03-30,000858,14:17:27,103.4700,24,1
2026-03-30,000858,14:17:30,103.4600,9,1
2026-03-30,000858,14:17:33,103.4600,4,1
2026-03-30,000858,14:17:36,103.4600,1,1
2026-03-30,000858,14:17:42,103.4500,2,2
2026-03-30,000858,14:17:45,103.4500,5,2
2026-03-30,000858,14:17:48,103.4500,5,2
2026-03-30,000858,14:17:51,103.4500,8,2
2026-03-30,000858,14:17:54,103.4500,6,2
2026-03-30,000858,14:18:00,103.4500,22,1
2026-03-30,000858,14:18:03,103.4500,2,1
2026-03-30,000858,14:18:09,103.4400,20,2
2026-03-30,000858,14:18:15,103.4500,3,1
2026-03-30,000858,14:18:18,103.4400,2,2
2026-03-30,000858,14:18:21,103.4400,7,2
2026-03-30,000858,14:18:24,103.4400,3,2
2026-03-30,000858,14:18:27,103.4400,1,2
2026-03-30,000858,14:18:30,103.4500,11,1
2026-03-30,000858,14:18:33,103.4400,3,2
2026-03-30,000858,14:18:36,103.4400,10,2
2026-03-30,000858,14:18:39,103.4500,1,1
2026-03-30,000858,14:18:42,103.4400,4,2
2026-03-30,000858,14:18:45,103.4400,24,2
2026-03-30,000858,14:18:48,103.4400,1,1
2026-03-30,000858,14:18:51,103.4300,3,2
2026-03-30,000858,14:18:54,103.4400,2,1
2026-03-30,000858,14:18:57,103.4400,13,1
2026-03-30,000858,14:19:03,103.4300,22,2
2026-03-30,000858,14:19:06,103.4300,8,2
2026-03-30,000858,14:19:09,103.4300,3,1
2026-03-30,000858,14:19:12,103.4300,6,1
2026-03-30,000858,14:19:18,103.4200,3,2
2026-03-30,000858,14:19:21,103.4200,1,2
2026-03-30,000858,14:19:24,103.4300,7,1
2026-03-30,000858,14:19:27,103.4300,1,1
2026-03-30,000858,14:19:30,103.4200,5,2
2026-03-30,000858,14:19:36,103.4100,2,2
2026-03-30,000858,14:19:39,103.4100,7,2
2026-03-30,000858,14:19:42,103.4100,2,2
2026-03-30,000858,14:19:45,103.4000,13,2
2026-03-30,000858,14:19:48,103.4100,19,1
2026-03-30,000858,14:19:51,103.4100,21,2
2026-03-30,000858,14:19:54,103.4100,3,2
2026-03-30,000858,14:19:57,103.4200,18,1
2026-03-30,000858,14:20:00,103.4100,9,2
2026-03-30,000858,14:20:06,103.4200,1,1
2026-03-30,000858,14:20:09,103.4100,2,2
2026-03-30,000858,14:20:12,103.4200,1,1
2026-03-30,000858,14:20:15,103.4100,4,2
2026-03-30,000858,14:20:18,103.4100,129,2
2026-03-30,000858,14:20:21,103.4100,14,1
2026-03-30,000858,14:20:27,103.4100,37,1
2026-03-30,000858,14:20:30,103.4000,38,2
2026-03-30,000858,14:20:33,103.4000,6,2
2026-03-30,000858,14:20:36,103.4000,3,2
2026-03-30,000858,14:20:39,103.4000,11,2
2026-03-30,000858,14:20:42,103.4100,1,1
2026-03-30,000858,14:20:45,103.4100,23,1
2026-03-30,000858,14:20:48,103.4000,20,2
2026-03-30,000858,14:20:51,103.4100,22,1
2026-03-30,000858,14:20:54,103.3800,5,2
2026-03-30,000858,14:20:57,103.4000,3,1
2026-03-30,000858,14:21:00,103.3800,4,2
2026-03-30,000858,14:21:03,103.3400,73,2
2026-03-30,000858,14:21:06,103.3900,11,1
2026-03-30,000858,14:21:09,103.4000,38,1
2026-03-30,000858,14:21:12,103.3900,6,2
2026-03-30,000858,14:21:15,103.3900,10,2
2026-03-30,000858,14:21:18,103.3800,5,2
2026-03-30,000858,14:21:21,103.3900,32,1
2026-03-30,000858,14:21:24,103.3500,19,2
2026-03-30,000858,14:21:27,103.3500,13,1
2026-03-30,000858,14:21:30,103.3400,12,2
2026-03-30,000858,14:21:33,103.3500,14,1
2026-03-30,000858,14:21:36,103.3500,35,1
2026-03-30,000858,14:21:39,103.3500,5,4
2026-03-30,000858,14:21:42,103.3500,16,2
2026-03-30,000858,14:21:45,103.3800,118,1
2026-03-30,000858,14:21:48,103.3900,6,1
2026-03-30,000858,14:21:51,103.4000,51,1
2026-03-30,000858,14:21:54,103.3900,10,2
2026-03-30,000858,14:21:57,103.3900,14,2
2026-03-30,000858,14:22:03,103.4000,23,1
2026-03-30,000858,14:22:06,103.3900,5,2
2026-03-30,000858,14:22:12,103.4000,7,1
2026-03-30,000858,14:22:15,103.3900,3,1
2026-03-30,000858,14:22:18,103.3800,19,2
2026-03-30,000858,14:22:21,103.3700,3,2
2026-03-30,000858,14:22:24,103.3800,2,1
2026-03-30,000858,14:22:27,103.3600,37,2
2026-03-30,000858,14:22:30,103.3600,2,2
2026-03-30,000858,14:22:33,103.3600,23,2
2026-03-30,000858,14:22:36,103.3600,3,1
2026-03-30,000858,14:22:39,103.3400,27,2
2026-03-30,000858,14:22:42,103.3500,1,4
2026-03-30,000858,14:22:45,103.3500,19,2
2026-03-30,000858,14:22:48,103.3600,7,1
2026-03-30,000858,14:22:51,103.3600,10,1
2026-03-30,000858,14:23:00,103.3400,5,2
2026-03-30,000858,14:23:03,103.3500,6,1
2026-03-30,000858,14:23:06,103.3500,11,1
2026-03-30,000858,14:23:09,103.3500,28,1
2026-03-30,000858,14:23:12,103.3500,39,1
2026-03-30,000858,14:23:15,103.3500,29,1
2026-03-30,000858,14:23:18,103.3600,5,1
2026-03-30,000858,14:23:21,103.3500,15,2
2026-03-30,000858,14:23:24,103.3500,4,2
2026-03-30,000858,14:23:27,103.3600,1,1
2026-03-30,000858,14:23:36,103.3600,2,1
2026-03-30,000858,14:23:39,103.3500,3,2
2026-03-30,000858,14:23:42,103.3500,5,2
2026-03-30,000858,14:23:45,103.3500,6,2
2026-03-30,000858,14:23:48,103.3500,2,2
2026-03-30,000858,14:23:51,103.3600,21,1
2026-03-30,000858,14:23:54,103.3600,15,1
2026-03-30,000858,14:23:57,103.3500,24,2
2026-03-30,000858,14:24:00,103.3500,13,2
2026-03-30,000858,14:24:03,103.3500,7,2
2026-03-30,000858,14:24:06,103.3600,7,1
2026-03-30,000858,14:24:09,103.3500,8,2
2026-03-30,000858,14:24:12,103.3500,7,2
2026-03-30,000858,14:24:15,103.3600,9,1
2026-03-30,000858,14:24:18,103.3500,26,2
2026-03-30,000858,14:24:21,103.3500,31,1
2026-03-30,000858,14:24:24,103.3500,4,1
2026-03-30,000858,14:24:27,103.3400,44,2
2026-03-30,000858,14:24:30,103.3600,3,1
2026-03-30,000858,14:24:33,103.3600,20,1
2026-03-30,000858,14:24:36,103.3600,2,1
2026-03-30,000858,14:24:42,103.3500,7,2
2026-03-30,000858,14:24:45,103.3500,6,2
2026-03-30,000858,14:24:48,103.3600,3,1
2026-03-30,000858,14:24:51,103.3600,12,1
2026-03-30,000858,14:24:54,103.3600,8,1
2026-03-30,000858,14:24:57,103.3500,3,2
2026-03-30,000858,14:25:00,103.3600,76,1
2026-03-30,000858,14:25:03,103.3600,8,1
2026-03-30,000858,14:25:06,103.3600,5,1
2026-03-30,000858,14:25:12,103.3600,2,1
2026-03-30,000858,14:25:15,103.3500,23,2
2026-03-30,000858,14:25:18,103.3500,23,2
2026-03-30,000858,14:25:21,103.3600,21,1
2026-03-30,000858,14:25:24,103.3600,28,1
2026-03-30,000858,14:25:27,103.3500,9,2
2026-03-30,000858,14:25:30,103.3500,3,2
2026-03-30,000858,14:25:33,103.3600,2,1
2026-03-30,000858,14:25:36,103.3500,27,2
2026-03-30,000858,14:25:39,103.3600,22,1
2026-03-30,000858,14:25:42,103.3600,16,1
2026-03-30,000858,14:25:45,103.3500,4,2
2026-03-30,000858,14:25:48,103.3500,21,2
2026-03-30,000858,14:25:51,103.3600,26,1
2026-03-30,000858,14:25:54,103.3500,18,2
2026-03-30,000858,14:25:57,103.3600,10,1
2026-03-30,000858,14:26:00,103.3700,12,1
2026-03-30,000858,14:26:03,103.3600,21,2
2026-03-30,000858,14:26:06,103.3600,2,2
2026-03-30,000858,14:26:09,103.3600,1,2
2026-03-30,000858,14:26:12,103.3700,20,1
2026-03-30,000858,14:26:15,103.3800,14,1
2026-03-30,000858,14:26:18,103.3700,3,2
2026-03-30,000858,14:26:21,103.3700,8,2
2026-03-30,000858,14:26:24,103.3700,6,2
2026-03-30,000858,14:26:27,103.3800,3,1
2026-03-30,000858,14:26:30,103.3800,17,1
2026-03-30,000858,14:26:33,103.3800,8,1
2026-03-30,000858,14:26:36,103.3700,3,2
2026-03-30,000858,14:26:39,103.3900,19,1
2026-03-30,000858,14:26:48,103.3700,9,2
2026-03-30,000858,14:26:51,103.3900,12,1
2026-03-30,000858,14:26:54,103.3900,1,1
2026-03-30,000858,14:26:57,103.3800,32,2
2026-03-30,000858,14:27:00,103.3800,19,1
2026-03-30,000858,14:27:03,103.3900,12,1
2026-03-30,000858,14:27:06,103.3900,7,2
2026-03-30,000858,14:27:09,103.3900,8,2
2026-03-30,000858,14:27:12,103.3900,2,2
2026-03-30,000858,14:27:15,103.4000,11,1
2026-03-30,000858,14:27:18,103.3900,13,2
2026-03-30,000858,14:27:21,103.3900,37,2
2026-03-30,000858,14:27:24,103.3900,5,4
2026-03-30,000858,14:27:27,103.4000,21,1
2026-03-30,000858,14:27:30,103.3900,1,2
2026-03-30,000858,14:27:33,103.3900,5,2
2026-03-30,000858,14:27:36,103.3900,21,2
2026-03-30,000858,14:27:39,103.3500,165,2
2026-03-30,000858,14:27:42,103.3400,5,2
2026-03-30,000858,14:27:45,103.3400,53,2
2026-03-30,000858,14:27:51,103.3500,29,1
2026-03-30,000858,14:27:54,103.3400,23,2
2026-03-30,000858,14:28:00,103.3400,8,2
2026-03-30,000858,14:28:03,103.3400,25,2
2026-03-30,000858,14:28:09,103.3400,35,2
2026-03-30,000858,14:28:12,103.3400,1,1
2026-03-30,000858,14:28:15,103.3200,36,2
2026-03-30,000858,14:28:18,103.3200,14,2
2026-03-30,000858,14:28:21,103.3400,21,1
2026-03-30,000858,14:28:24,103.3200,2,2
2026-03-30,000858,14:28:27,103.3100,43,2
2026-03-30,000858,14:28:30,103.3100,2,2
2026-03-30,000858,14:28:33,103.3100,4,2
2026-03-30,000858,14:28:36,103.3100,3,2
2026-03-30,000858,14:28:39,103.3100,1,2
2026-03-30,000858,14:28:42,103.3000,184,2
2026-03-30,000858,14:28:45,103.2900,38,2
2026-03-30,000858,14:28:48,103.2600,49,2
2026-03-30,000858,14:28:51,103.2900,41,1
2026-03-30,000858,14:28:54,103.2900,3,1
2026-03-30,000858,14:28:57,103.2800,27,2
2026-03-30,000858,14:29:00,103.2800,16,2
2026-03-30,000858,14:29:03,103.2700,24,2
2026-03-30,000858,14:29:06,103.2600,20,2
2026-03-30,000858,14:29:09,103.2600,33,1
2026-03-30,000858,14:29:12,103.2700,51,1
2026-03-30,000858,14:29:15,103.2800,11,1
2026-03-30,000858,14:29:18,103.2700,8,2
2026-03-30,000858,14:29:21,103.2700,19,2
2026-03-30,000858,14:29:24,103.2600,7,2
2026-03-30,000858,14:29:27,103.2600,6,2
2026-03-30,000858,14:29:30,103.2700,7,1
2026-03-30,000858,14:29:33,103.2800,73,1
2026-03-30,000858,14:29:36,103.2800,26,1
2026-03-30,000858,14:29:39,103.3000,36,1
2026-03-30,000858,14:29:42,103.3100,21,1
2026-03-30,000858,14:29:45,103.3100,3,1
2026-03-30,000858,14:29:51,103.3400,23,1
2026-03-30,000858,14:29:54,103.3300,16,2
2026-03-30,000858,14:30:00,103.3300,2,2
2026-03-30,000858,14:30:03,103.3300,1,2
2026-03-30,000858,14:30:06,103.3300,22,2
2026-03-30,000858,14:30:09,103.3300,16,2
2026-03-30,000858,14:30:12,103.3300,13,2
2026-03-30,000858,14:30:15,103.3400,8,1
2026-03-30,000858,14:30:18,103.3400,8,1
2026-03-30,000858,14:30:21,103.3300,36,2
2026-03-30,000858,14:30:24,103.3400,11,1
2026-03-30,000858,14:30:27,103.3400,24,1
2026-03-30,000858,14:30:30,103.3300,22,2
2026-03-30,000858,14:30:33,103.3300,2,2
2026-03-30,000858,14:30:36,103.3300,140,2
2026-03-30,000858,14:30:39,103.3300,6,4
2026-03-30,000858,14:30:42,103.3200,39,2
2026-03-30,000858,14:30:45,103.3200,43,1
2026-03-30,000858,14:30:48,103.3100,26,2
2026-03-30,000858,14:30:51,103.3100,9,2
2026-03-30,000858,14:30:54,103.3200,26,1
2026-03-30,000858,14:30:57,103.3100,34,2
2026-03-30,000858,14:31:00,103.3200,6,1
2026-03-30,000858,14:31:03,103.3600,233,1
2026-03-30,000858,14:31:06,103.3700,19,1
2026-03-30,000858,14:31:09,103.3800,31,1
2026-03-30,000858,14:31:12,103.3700,3,2
2026-03-30,000858,14:31:15,103.3900,29,1
2026-03-30,000858,14:31:18,103.3900,41,1
2026-03-30,000858,14:31:21,103.3900,29,2
2026-03-30,000858,14:31:24,103.3900,6,2
2026-03-30,000858,14:31:27,103.3800,66,2
2026-03-30,000858,14:31:30,103.3800,9,1
2026-03-30,000858,14:31:33,103.4000,70,1
2026-03-30,000858,14:31:36,103.4000,15,2
2026-03-30,000858,14:31:39,103.4000,5,2
2026-03-30,000858,14:31:42,103.4000,45,2
2026-03-30,000858,14:31:45,103.4100,25,1
2026-03-30,000858,14:31:48,103.4000,5,2
2026-03-30,000858,14:31:51,103.4100,15,1
2026-03-30,000858,14:31:54,103.4100,15,1
2026-03-30,000858,14:31:57,103.4000,23,2
2026-03-30,000858,14:32:03,103.4100,8,2
2026-03-30,000858,14:32:06,103.4100,18,2
2026-03-30,000858,14:32:09,103.4100,39,2
2026-03-30,000858,14:32:12,103.4200,109,1
2026-03-30,000858,14:32:15,103.4100,1,2
2026-03-30,000858,14:32:18,103.4100,2,2
2026-03-30,000858,14:32:21,103.4100,2,2
2026-03-30,000858,14:32:24,103.4100,6,2
2026-03-30,000858,14:32:27,103.4400,76,1
2026-03-30,000858,14:32:30,103.4200,1,2
2026-03-30,000858,14:32:39,103.4200,15,2
2026-03-30,000858,14:32:42,103.4300,3,1
2026-03-30,000858,14:32:45,103.4300,3,1
2026-03-30,000858,14:32:48,103.4200,87,2
2026-03-30,000858,14:32:51,103.4300,4,1
2026-03-30,000858,14:32:54,103.4300,2,1
2026-03-30,000858,14:32:57,103.4200,21,2
2026-03-30,000858,14:33:00,103.4200,3,2
2026-03-30,000858,14:33:03,103.4200,9,2
2026-03-30,000858,14:33:06,103.4200,3,2
2026-03-30,000858,14:33:09,103.4200,1,2
2026-03-30,000858,14:33:15,103.4200,1,2
2026-03-30,000858,14:33:18,103.4300,9,1
2026-03-30,000858,14:33:21,103.4400,41,1
2026-03-30,000858,14:33:24,103.4300,2,2
2026-03-30,000858,14:33:27,103.4400,6,1
2026-03-30,000858,14:33:30,103.4400,14,1
2026-03-30,000858,14:33:33,103.4400,67,1
2026-03-30,000858,14:33:36,103.4500,37,1
2026-03-30,000858,14:33:39,103.4500,7,2
2026-03-30,000858,14:33:42,103.4500,20,2
2026-03-30,000858,14:33:45,103.4500,4,2
2026-03-30,000858,14:33:48,103.4500,74,2
2026-03-30,000858,14:33:51,103.4600,30,1
2026-03-30,000858,14:33:54,103.4500,9,1
2026-03-30,000858,14:33:57,103.4400,2,2
2026-03-30,000858,14:34:00,103.4400,2,2
2026-03-30,000858,14:34:03,103.4500,40,1
2026-03-30,000858,14:34:06,103.4500,8,1
2026-03-30,000858,14:34:09,103.4500,3,1
2026-03-30,000858,14:34:12,103.4400,40,2
2026-03-30,000858,14:34:15,103.4500,13,1
2026-03-30,000858,14:34:18,103.4400,5,2
2026-03-30,000858,14:34:21,103.4500,39,1
2026-03-30,000858,14:34:24,103.4400,5,2
2026-03-30,000858,14:34:27,103.4500,38,1
2026-03-30,000858,14:34:30,103.4400,17,2
2026-03-30,000858,14:34:33,103.4500,20,1
2026-03-30,000858,14:34:36,103.4600,5,1
2026-03-30,000858,14:34:39,103.4500,4,2
2026-03-30,000858,14:34:42,103.4600,1,1
2026-03-30,000858,14:34:45,103.4500,55,2
2026-03-30,000858,14:34:48,103.4500,12,1
2026-03-30,000858,14:34:51,103.4400,7,2
2026-03-30,000858,14:34:54,103.4600,10,1
2026-03-30,000858,14:34:57,103.4600,6,1
2026-03-30,000858,14:35:00,103.4600,2,1
2026-03-30,000858,14:35:03,103.4500,30,2
2026-03-30,000858,14:35:06,103.4600,7,1
2026-03-30,000858,14:35:09,103.4600,9,1
2026-03-30,000858,14:35:12,103.4600,3,1
2026-03-30,000858,14:35:15,103.4600,15,1
2026-03-30,000858,14:35:18,103.4600,3,1
2026-03-30,000858,14:35:21,103.4600,9,1
2026-03-30,000858,14:35:24,103.4600,4,1
2026-03-30,000858,14:35:27,103.4600,19,1
2026-03-30,000858,14:35:33,103.4600,16,1
2026-03-30,000858,14:35:36,103.4500,22,2
2026-03-30,000858,14:35:39,103.4600,35,1
2026-03-30,000858,14:35:45,103.4600,17,1
2026-03-30,000858,14:35:48,103.4500,8,2
2026-03-30,000858,14:35:51,103.4500,5,2
2026-03-30,000858,14:35:54,103.4500,8,2
2026-03-30,000858,14:35:57,103.4500,13,2
2026-03-30,000858,14:36:00,103.4600,9,1
2026-03-30,000858,14:36:03,103.4600,15,1
2026-03-30,000858,14:36:06,103.4500,9,2
2026-03-30,000858,14:36:09,103.4500,18,2
2026-03-30,000858,14:36:12,103.4500,6,2
2026-03-30,000858,14:36:15,103.4500,26,2
2026-03-30,000858,14:36:18,103.4500,9,2
2026-03-30,000858,14:36:21,103.4500,9,2
2026-03-30,000858,14:36:24,103.4500,6,2
2026-03-30,000858,14:36:27,103.4500,68,2
2026-03-30,000858,14:36:30,103.4400,6,2
2026-03-30,000858,14:36:33,103.4400,70,2
2026-03-30,000858,14:36:36,103.4300,7,2
2026-03-30,000858,14:36:42,103.4300,18,2
2026-03-30,000858,14:36:45,103.4400,32,1
2026-03-30,000858,14:36:48,103.4300,8,1
2026-03-30,000858,14:36:54,103.4300,2,1
2026-03-30,000858,14:36:57,103.4200,11,2
2026-03-30,000858,14:37:00,103.4200,12,2
2026-03-30,000858,14:37:03,103.4200,5,2
2026-03-30,000858,14:37:06,103.4400,10,1
2026-03-30,000858,14:37:09,103.4200,12,2
2026-03-30,000858,14:37:12,103.4400,1,1
2026-03-30,000858,14:37:15,103.4400,24,1
2026-03-30,000858,14:37:18,103.4400,16,2
2026-03-30,000858,14:37:21,103.4500,6,1
2026-03-30,000858,14:37:24,103.4400,3,2
2026-03-30,000858,14:37:27,103.4400,8,2
2026-03-30,000858,14:37:30,103.4500,1,1
2026-03-30,000858,14:37:33,103.4500,7,1
2026-03-30,000858,14:37:36,103.4400,6,2
2026-03-30,000858,14:37:39,103.4400,1,2
2026-03-30,000858,14:37:42,103.4500,4,1
2026-03-30,000858,14:37:45,103.4400,16,4
2026-03-30,000858,14:37:48,103.4400,3,1
2026-03-30,000858,14:37:51,103.4500,6,1
2026-03-30,000858,14:37:54,103.4300,6,2
2026-03-30,000858,14:37:57,103.4400,5,4
2026-03-30,000858,14:38:00,103.4500,1,1
2026-03-30,000858,14:38:03,103.4500,1,1
2026-03-30,000858,14:38:06,103.4500,53,1
2026-03-30,000858,14:38:09,103.4500,35,1
2026-03-30,000858,14:38:12,103.4600,44,1
2026-03-30,000858,14:38:15,103.4600,6,1
2026-03-30,000858,14:38:18,103.4500,7,2
2026-03-30,000858,14:38:21,103.4600,1,1
2026-03-30,000858,14:38:24,103.4500,2,2
2026-03-30,000858,14:38:27,103.4500,4,2
2026-03-30,000858,14:38:30,103.4500,9,2
2026-03-30,000858,14:38:33,103.4500,4,2
2026-03-30,000858,14:38:36,103.4600,3,1
2026-03-30,000858,14:38:39,103.4500,9,2
2026-03-30,000858,14:38:42,103.4600,9,1
2026-03-30,000858,14:38:45,103.4500,18,2
2026-03-30,000858,14:38:48,103.4600,1,1
2026-03-30,000858,14:38:54,103.4500,1,2
2026-03-30,000858,14:38:57,103.4600,2,1
2026-03-30,000858,14:39:00,103.4500,15,2
2026-03-30,000858,14:39:03,103.4600,5,1
2026-03-30,000858,14:39:06,103.4600,4,1
2026-03-30,000858,14:39:09,103.4600,40,1
2026-03-30,000858,14:39:12,103.4600,1,1
2026-03-30,000858,14:39:15,103.4500,9,2
2026-03-30,000858,14:39:18,103.4500,6,2
2026-03-30,000858,14:39:21,103.4500,10,1
2026-03-30,000858,14:39:24,103.4500,4,4
2026-03-30,000858,14:39:27,103.4500,6,4
2026-03-30,000858,14:39:30,103.4400,4,2
2026-03-30,000858,14:39:33,103.4500,8,4
2026-03-30,000858,14:39:36,103.4600,3,1
2026-03-30,000858,14:39:39,103.4400,8,2
2026-03-30,000858,14:39:42,103.4500,1,1
2026-03-30,000858,14:39:45,103.4400,11,2
2026-03-30,000858,14:39:51,103.4600,6,1
2026-03-30,000858,14:39:54,103.4500,5,4
2026-03-30,000858,14:39:57,103.4500,8,2
2026-03-30,000858,14:40:00,103.4300,71,2
2026-03-30,000858,14:40:06,103.4500,13,1
2026-03-30,000858,14:40:09,103.4300,18,2
2026-03-30,000858,14:40:12,103.4300,3,2
2026-03-30,000858,14:40:15,103.4300,2,1
2026-03-30,000858,14:40:18,103.4300,8,1
2026-03-30,000858,14:40:21,103.4400,9,1
2026-03-30,000858,14:40:24,103.4200,28,2
2026-03-30,000858,14:40:27,103.4200,1,2
2026-03-30,000858,14:40:33,103.4500,3,1
2026-03-30,000858,14:40:36,103.4500,2,1
2026-03-30,000858,14:40:42,103.4400,1,1
2026-03-30,000858,14:40:45,103.4300,16,2
2026-03-30,000858,14:40:51,103.4500,2,1
2026-03-30,000858,14:40:54,103.4400,2,4
2026-03-30,000858,14:40:57,103.4400,12,2
2026-03-30,000858,14:41:00,103.4300,4,2
2026-03-30,000858,14:41:03,103.4400,1,1
2026-03-30,000858,14:41:09,103.4400,5,1
2026-03-30,000858,14:41:12,103.4400,7,1
2026-03-30,000858,14:41:15,103.4300,15,2
2026-03-30,000858,14:41:18,103.4400,31,1
2026-03-30,000858,14:41:21,103.4400,4,2
2026-03-30,000858,14:41:24,103.4400,2,2
2026-03-30,000858,14:41:27,103.4500,4,1
2026-03-30,000858,14:41:30,103.4400,1,2
2026-03-30,000858,14:41:33,103.4400,11,2
2026-03-30,000858,14:41:36,103.4400,20,2
2026-03-30,000858,14:41:39,103.4400,7,1
2026-03-30,000858,14:41:42,103.4500,9,1
2026-03-30,000858,14:41:45,103.4300,3,2
2026-03-30,000858,14:41:48,103.4500,6,1
2026-03-30,000858,14:41:51,103.4400,2,2
2026-03-30,000858,14:41:54,103.4500,57,1
2026-03-30,000858,14:41:57,103.4500,1,2
2026-03-30,000858,14:42:00,103.4500,24,2
2026-03-30,000858,14:42:06,103.4500,1,1
2026-03-30,000858,14:42:09,103.4400,9,2
2026-03-30,000858,14:42:12,103.4400,24,2
2026-03-30,000858,14:42:15,103.4300,6,2
2026-03-30,000858,14:42:18,103.4300,15,2
2026-03-30,000858,14:42:21,103.4400,26,4
2026-03-30,000858,14:42:24,103.4300,3,2
2026-03-30,000858,14:42:27,103.4300,7,2
2026-03-30,000858,14:42:30,103.4200,10,2
2026-03-30,000858,14:42:33,103.4200,10,2
2026-03-30,000858,14:42:36,103.4300,1,2
2026-03-30,000858,14:42:39,103.4500,12,1
2026-03-30,000858,14:42:42,103.4200,1,2
2026-03-30,000858,14:42:45,103.4500,4,1
2026-03-30,000858,14:42:48,103.4300,8,2
2026-03-30,000858,14:42:51,103.4200,20,2
2026-03-30,000858,14:42:54,103.4500,10,1
2026-03-30,000858,14:42:57,103.4300,18,2
2026-03-30,000858,14:43:00,103.4400,1,1
2026-03-30,000858,14:43:03,103.4300,23,2
2026-03-30,000858,14:43:06,103.4400,5,2
2026-03-30,000858,14:43:09,103.4400,10,2
2026-03-30,000858,14:43:12,103.4400,9,1
2026-03-30,000858,14:43:15,103.4400,7,1
2026-03-30,000858,14:43:18,103.4400,12,1
2026-03-30,000858,14:43:21,103.4300,13,2
2026-03-30,000858,14:43:24,103.4300,27,2
2026-03-30,000858,14:43:27,103.4400,1,1
2026-03-30,000858,14:43:30,103.4300,4,2
2026-03-30,000858,14:43:33,103.4400,5,1
2026-03-30,000858,14:43:36,103.4300,4,2
2026-03-30,000858,14:43:39,103.4400,4,1
2026-03-30,000858,14:43:45,103.4300,15,2
2026-03-30,000858,14:43:48,103.4300,6,2
2026-03-30,000858,14:43:51,103.4300,5,2
2026-03-30,000858,14:43:54,103.4300,8,2
2026-03-30,000858,14:43:57,103.4200,28,2
2026-03-30,000858,14:44:00,103.4300,6,4
2026-03-30,000858,14:44:03,103.4600,219,1
2026-03-30,000858,14:44:06,103.4600,8,1
2026-03-30,000858,14:44:09,103.4600,16,1
2026-03-30,000858,14:44:12,103.4500,8,2
2026-03-30,000858,14:44:15,103.4500,4,2
2026-03-30,000858,14:44:18,103.4600,9,1
2026-03-30,000858,14:44:21,103.4500,8,2
2026-03-30,000858,14:44:24,103.4500,6,2
2026-03-30,000858,14:44:27,103.4500,2,2
2026-03-30,000858,14:44:30,103.4500,81,2
2026-03-30,000858,14:44:33,103.4700,27,1
2026-03-30,000858,14:44:36,103.4700,14,1
2026-03-30,000858,14:44:39,103.4800,55,1
2026-03-30,000858,14:44:42,103.4800,22,1
2026-03-30,000858,14:44:45,103.4700,2,2
2026-03-30,000858,14:44:48,103.4700,2,2
2026-03-30,000858,14:44:51,103.4700,2,2
2026-03-30,000858,14:44:54,103.4700,7,2
2026-03-30,000858,14:44:57,103.4800,44,1
2026-03-30,000858,14:45:00,103.4800,29,1
2026-03-30,000858,14:45:03,103.4800,38,1
2026-03-30,000858,14:45:06,103.4800,13,1
2026-03-30,000858,14:45:09,103.4800,2,1
2026-03-30,000858,14:45:12,103.4700,7,2
2026-03-30,000858,14:45:15,103.4700,8,2
2026-03-30,000858,14:45:18,103.4700,12,2
2026-03-30,000858,14:45:21,103.4700,8,2
2026-03-30,000858,14:45:24,103.4700,5,2
2026-03-30,000858,14:45:27,103.4700,2,2
2026-03-30,000858,14:45:30,103.4700,2,1
2026-03-30,000858,14:45:33,103.4800,25,1
2026-03-30,000858,14:45:36,103.4600,37,2
2026-03-30,000858,14:45:39,103.4700,5,1
2026-03-30,000858,14:45:42,103.4800,94,1
2026-03-30,000858,14:45:45,103.4600,14,2
2026-03-30,000858,14:45:48,103.4600,2,2
2026-03-30,000858,14:45:54,103.4600,2,2
2026-03-30,000858,14:46:00,103.4600,4,2
2026-03-30,000858,14:46:03,103.4700,17,1
2026-03-30,000858,14:46:06,103.4800,44,1
2026-03-30,000858,14:46:09,103.4800,18,1
2026-03-30,000858,14:46:12,103.4700,18,2
2026-03-30,000858,14:46:15,103.4700,8,2
2026-03-30,000858,14:46:18,103.4700,2,2
2026-03-30,000858,14:46:21,103.4700,4,2
2026-03-30,000858,14:46:24,103.4700,25,2
2026-03-30,000858,14:46:27,103.4800,2,1
2026-03-30,000858,14:46:30,103.4800,3,1
2026-03-30,000858,14:46:33,103.4700,2,4
2026-03-30,000858,14:46:36,103.4700,36,2
2026-03-30,000858,14:46:39,103.4700,5,2
2026-03-30,000858,14:46:42,103.4800,9,1
2026-03-30,000858,14:46:45,103.4700,16,2
2026-03-30,000858,14:46:48,103.4700,52,2
2026-03-30,000858,14:46:51,103.4700,9,2
2026-03-30,000858,14:46:54,103.4700,7,2
2026-03-30,000858,14:46:57,103.4700,7,1
2026-03-30,000858,14:47:00,103.4700,6,1
2026-03-30,000858,14:47:03,103.4700,4,1
2026-03-30,000858,14:47:06,103.4600,9,2
2026-03-30,000858,14:47:09,103.4700,9,1
2026-03-30,000858,14:47:12,103.4700,16,1
2026-03-30,000858,14:47:15,103.4700,3,1
2026-03-30,000858,14:47:18,103.4600,7,4
2026-03-30,000858,14:47:21,103.4800,48,1
2026-03-30,000858,14:47:24,103.4800,22,1
2026-03-30,000858,14:47:27,103.4900,36,1
2026-03-30,000858,14:47:30,103.4800,6,2
2026-03-30,000858,14:47:33,103.4900,1,1
2026-03-30,000858,14:47:39,103.4800,7,2
2026-03-30,000858,14:47:42,103.4900,64,1
2026-03-30,000858,14:47:45,103.4800,4,2
2026-03-30,000858,14:47:48,103.4900,175,1
2026-03-30,000858,14:47:51,103.4900,11,4
2026-03-30,000858,14:47:54,103.4900,15,2
2026-03-30,000858,14:47:57,103.4900,1,2
2026-03-30,000858,14:48:00,103.4900,2,1
2026-03-30,000858,14:48:03,103.4900,17,1
2026-03-30,000858,14:48:06,103.4900,7,4
2026-03-30,000858,14:48:09,103.5000,6,1
2026-03-30,000858,14:48:12,103.4900,3,2
2026-03-30,000858,14:48:15,103.4900,5,2
2026-03-30,000858,14:48:18,103.4900,7,2
2026-03-30,000858,14:48:21,103.4900,13,2
2026-03-30,000858,14:48:24,103.4900,10,2
2026-03-30,000858,14:48:27,103.4900,9,2
2026-03-30,000858,14:48:30,103.5000,28,1
2026-03-30,000858,14:48:33,103.4900,21,2
2026-03-30,000858,14:48:36,103.5000,9,1
2026-03-30,000858,14:48:39,103.5000,34,1
2026-03-30,000858,14:48:42,103.5000,7,1
2026-03-30,000858,14:48:45,103.4900,3,2
2026-03-30,000858,14:48:48,103.5000,17,1
2026-03-30,000858,14:48:51,103.4900,5,2
2026-03-30,000858,14:48:54,103.4800,105,2
2026-03-30,000858,14:48:57,103.4900,2,4
2026-03-30,000858,14:49:00,103.4900,5,2
2026-03-30,000858,14:49:03,103.5000,73,1
2026-03-30,000858,14:49:06,103.4900,22,1
2026-03-30,000858,14:49:09,103.4900,4,4
2026-03-30,000858,14:49:12,103.4800,12,2
2026-03-30,000858,14:49:15,103.4900,6,4
2026-03-30,000858,14:49:18,103.4900,6,4
2026-03-30,000858,14:49:21,103.5000,6,1
2026-03-30,000858,14:49:24,103.4800,43,2
2026-03-30,000858,14:49:27,103.5000,2,1
2026-03-30,000858,14:49:33,103.5000,32,1
2026-03-30,000858,14:49:36,103.5000,31,1
2026-03-30,000858,14:49:39,103.5000,33,1
2026-03-30,000858,14:49:42,103.4900,4,4
2026-03-30,000858,14:49:45,103.4900,95,1
2026-03-30,000858,14:49:48,103.5000,17,1
2026-03-30,000858,14:49:51,103.4800,0,1
2026-03-30,000858,14:49:54,103.4800,7,2
2026-03-30,000858,14:49:57,103.4800,10,2
2026-03-30,000858,14:50:00,103.4900,1,4
2026-03-30,000858,14:50:03,103.5000,24,1
2026-03-30,000858,14:50:06,103.5000,17,1
2026-03-30,000858,14:50:09,103.4900,15,2
2026-03-30,000858,14:50:12,103.4900,4,4
2026-03-30,000858,14:50:15,103.4800,20,2
2026-03-30,000858,14:50:18,103.4700,36,2
2026-03-30,000858,14:50:21,103.5000,5,1
2026-03-30,000858,14:50:24,103.4800,4,2
2026-03-30,000858,14:50:27,103.4900,18,4
2026-03-30,000858,14:50:30,103.4900,15,4
2026-03-30,000858,14:50:33,103.4900,4,2
2026-03-30,000858,14:50:36,103.5000,20,1
2026-03-30,000858,14:50:39,103.4900,18,2
2026-03-30,000858,14:50:42,103.4900,6,2
2026-03-30,000858,14:50:45,103.4900,18,4
2026-03-30,000858,14:50:48,103.4900,6,2
2026-03-30,000858,14:50:51,103.4900,22,1
2026-03-30,000858,14:50:54,103.4900,7,4
2026-03-30,000858,14:50:57,103.4900,17,2
2026-03-30,000858,14:51:00,103.4900,16,2
2026-03-30,000858,14:51:03,103.4800,29,2
2026-03-30,000858,14:51:06,103.5000,24,1
2026-03-30,000858,14:51:09,103.4800,12,2
2026-03-30,000858,14:51:12,103.4900,9,1
2026-03-30,000858,14:51:15,103.4700,6,2
2026-03-30,000858,14:51:18,103.5000,25,1
2026-03-30,000858,14:51:21,103.4700,3,2
2026-03-30,000858,14:51:27,103.5000,19,1
2026-03-30,000858,14:51:30,103.4800,3,2
2026-03-30,000858,14:51:33,103.4900,3,1
2026-03-30,000858,14:51:36,103.4900,13,1
2026-03-30,000858,14:51:39,103.4900,9,1
2026-03-30,000858,14:51:42,103.4900,5,2
2026-03-30,000858,14:51:45,103.4900,6,2
2026-03-30,000858,14:51:48,103.5000,6,1
2026-03-30,000858,14:51:51,103.4900,50,2
2026-03-30,000858,14:51:54,103.4900,6,2
2026-03-30,000858,14:51:57,103.4900,20,2
2026-03-30,000858,14:52:00,103.4900,22,2
2026-03-30,000858,14:52:03,103.4800,1,2
2026-03-30,000858,14:52:06,103.4900,2,1
2026-03-30,000858,14:52:09,103.4800,28,2
2026-03-30,000858,14:52:12,103.4800,36,2
2026-03-30,000858,14:52:15,103.4800,4,2
2026-03-30,000858,14:52:18,103.4900,107,1
2026-03-30,000858,14:52:21,103.4900,37,1
2026-03-30,000858,14:52:24,103.4800,41,2
2026-03-30,000858,14:52:27,103.4800,6,1
2026-03-30,000858,14:52:30,103.4800,11,1
2026-03-30,000858,14:52:33,103.4800,13,1
2026-03-30,000858,14:52:36,103.4700,11,2
2026-03-30,000858,14:52:39,103.4800,5,1
2026-03-30,000858,14:52:42,103.4800,66,1
2026-03-30,000858,14:52:45,103.4700,16,2
2026-03-30,000858,14:52:48,103.4800,30,1
2026-03-30,000858,14:52:51,103.4800,2,1
2026-03-30,000858,14:52:54,103.4700,4,2
2026-03-30,000858,14:52:57,103.4700,34,2
2026-03-30,000858,14:53:00,103.4700,12,2
2026-03-30,000858,14:53:03,103.4700,7,2
2026-03-30,000858,14:53:06,103.4700,2,2
2026-03-30,000858,14:53:09,103.4800,12,1
2026-03-30,000858,14:53:12,103.4700,29,2
2026-03-30,000858,14:53:15,103.4800,31,1
2026-03-30,000858,14:53:18,103.4700,30,2
2026-03-30,000858,14:53:21,103.4800,2,1
2026-03-30,000858,14:53:24,103.4800,9,1
2026-03-30,000858,14:53:27,103.4800,7,1
2026-03-30,000858,14:53:33,103.4800,40,1
2026-03-30,000858,14:53:36,103.4900,149,1
2026-03-30,000858,14:53:39,103.4800,16,2
2026-03-30,000858,14:53:42,103.4800,29,2
2026-03-30,000858,14:53:45,103.4900,26,1
2026-03-30,000858,14:53:48,103.5000,175,1
2026-03-30,000858,14:53:51,103.4900,59,2
2026-03-30,000858,14:53:54,103.4900,3,2
2026-03-30,000858,14:53:57,103.4900,21,2
2026-03-30,000858,14:54:00,103.4900,113,2
2026-03-30,000858,14:54:03,103.4900,11,4
2026-03-30,000858,14:54:06,103.4900,26,1
2026-03-30,000858,14:54:09,103.5000,43,1
2026-03-30,000858,14:54:12,103.5000,37,1
2026-03-30,000858,14:54:15,103.5000,7,1
2026-03-30,000858,14:54:18,103.4800,219,2
2026-03-30,000858,14:54:21,103.4900,26,1
2026-03-30,000858,14:54:24,103.4900,45,1
2026-03-30,000858,14:54:27,103.4900,11,1
2026-03-30,000858,14:54:30,103.4800,20,2
2026-03-30,000858,14:54:33,103.4900,11,1
2026-03-30,000858,14:54:36,103.4900,13,1
2026-03-30,000858,14:54:39,103.4900,10,1
2026-03-30,000858,14:54:42,103.5000,15,1
2026-03-30,000858,14:54:45,103.4900,6,2
2026-03-30,000858,14:54:48,103.4900,10,2
2026-03-30,000858,14:54:51,103.5000,12,1
2026-03-30,000858,14:54:54,103.4900,103,2
2026-03-30,000858,14:54:57,103.5000,8,1
2026-03-30,000858,14:55:00,103.4900,6,2
2026-03-30,000858,14:55:03,103.5000,19,1
2026-03-30,000858,14:55:06,103.5000,20,1
2026-03-30,000858,14:55:09,103.5000,17,1
2026-03-30,000858,14:55:12,103.4900,42,2
2026-03-30,000858,14:55:15,103.4900,60,1
2026-03-30,000858,14:55:18,103.4900,21,1
2026-03-30,000858,14:55:21,103.4800,75,2
2026-03-30,000858,14:55:24,103.4900,12,1
2026-03-30,000858,14:55:27,103.4900,7,2
2026-03-30,000858,14:55:30,103.5000,36,1
2026-03-30,000858,14:55:33,103.5000,30,1
2026-03-30,000858,14:55:36,103.5000,30,1
2026-03-30,000858,14:55:39,103.5000,4,1
2026-03-30,000858,14:55:42,103.5000,44,1
2026-03-30,000858,14:55:45,103.5000,7,1
2026-03-30,000858,14:55:48,103.4900,17,2
2026-03-30,000858,14:55:51,103.4900,7,2
2026-03-30,000858,14:55:54,103.5000,34,1
2026-03-30,000858,14:55:57,103.5000,32,1
2026-03-30,000858,14:56:00,103.4900,7,2
2026-03-30,000858,14:56:03,103.4900,38,2
2026-03-30,000858,14:56:06,103.5000,26,1
2026-03-30,000858,14:56:09,103.5000,13,1
2026-03-30,000858,14:56:12,103.5000,15,1
2026-03-30,000858,14:56:15,103.5000,48,1
2026-03-30,000858,14:56:18,103.4900,43,2
2026-03-30,000858,14:56:21,103.5000,87,1
2026-03-30,000858,14:56:24,103.5000,48,1
2026-03-30,000858,14:56:27,103.5000,25,1
2026-03-30,000858,14:56:30,103.4900,43,2
2026-03-30,000858,14:56:33,103.4900,27,2
2026-03-30,000858,14:56:36,103.5000,49,1
2026-03-30,000858,14:56:39,103.5000,81,1
2026-03-30,000858,14:56:42,103.5000,17,1
2026-03-30,000858,14:56:45,103.5000,27,1
2026-03-30,000858,14:56:48,103.5000,71,1
2026-03-30,000858,14:56:51,103.4900,19,2
2026-03-30,000858,14:56:54,103.4900,14,2
2026-03-30,000858,14:56:57,103.4900,35,4
2026-03-30,000858,14:57:00,103.5000,8,1
2026-03-30,000858,15:00:02,103.4600,2426,4
2026-03-30,000858,13:05:54,103.3700,136,2
2026-03-30,000858,13:05:57,103.3700,21,2
2026-03-30,000858,13:06:00,103.3700,29,1
2026-03-30,000858,13:06:03,103.3700,36,2
2026-03-30,000858,13:06:06,103.3700,10,2
2026-03-30,000858,13:06:09,103.3700,2,2
2026-03-30,000858,13:06:12,103.3800,5,1
2026-03-30,000858,13:06:15,103.3700,92,2
2026-03-30,000858,13:06:18,103.3800,19,1
2026-03-30,000858,13:06:21,103.3700,28,2
2026-03-30,000858,13:06:24,103.3700,5,2
2026-03-30,000858,13:06:27,103.3900,39,1
2026-03-30,000858,13:06:30,103.3800,33,2
2026-03-30,000858,13:06:33,103.3900,1,4
2026-03-30,000858,13:06:36,103.3800,3,2
2026-03-30,000858,13:06:39,103.3900,4,2
2026-03-30,000858,13:06:42,103.3900,3,2
2026-03-30,000858,13:06:45,103.3900,18,2
2026-03-30,000858,13:06:48,103.3800,1,2
2026-03-30,000858,13:06:51,103.3800,1,2
2026-03-30,000858,13:06:54,103.3800,4,2
2026-03-30,000858,13:06:57,103.3800,30,2
2026-03-30,000858,13:07:00,103.3800,2,1
2026-03-30,000858,13:07:03,103.3800,1,1
2026-03-30,000858,13:07:06,103.3700,21,2
2026-03-30,000858,13:07:09,103.3700,11,2
2026-03-30,000858,13:07:12,103.3700,8,2
2026-03-30,000858,13:07:15,103.3700,32,2
2026-03-30,000858,13:07:18,103.3700,5,2
2026-03-30,000858,13:07:21,103.3900,9,1
2026-03-30,000858,13:07:24,103.3900,5,2
2026-03-30,000858,13:07:27,103.3900,2,2
2026-03-30,000858,13:07:30,103.3900,55,2
2026-03-30,000858,13:07:33,103.4000,6,1
2026-03-30,000858,13:07:36,103.3900,18,2
2026-03-30,000858,13:07:42,103.4000,5,1
2026-03-30,000858,13:07:45,103.3900,41,2
2026-03-30,000858,13:07:48,103.3700,4,2
2026-03-30,000858,13:07:51,103.3700,19,2
2026-03-30,000858,13:07:54,103.3700,3,2
2026-03-30,000858,13:07:57,103.3700,3,2
2026-03-30,000858,13:08:03,103.3900,16,1
2026-03-30,000858,13:08:09,103.3700,2,2
2026-03-30,000858,13:08:12,103.3800,5,4
2026-03-30,000858,13:08:18,103.3800,5,2
2026-03-30,000858,13:08:21,103.3800,62,2
2026-03-30,000858,13:08:27,103.3900,1,2
2026-03-30,000858,13:08:30,103.3900,4,2
2026-03-30,000858,13:08:36,103.3900,6,2
2026-03-30,000858,13:08:39,103.4000,5,1
2026-03-30,000858,13:08:42,103.4000,2,1
2026-03-30,000858,13:08:45,103.3900,4,2
2026-03-30,000858,13:08:48,103.3900,8,2
2026-03-30,000858,13:08:51,103.3900,4,2
2026-03-30,000858,13:08:54,103.3900,7,1
2026-03-30,000858,13:08:57,103.3900,1,1
2026-03-30,000858,13:09:00,103.3800,1,2
2026-03-30,000858,13:09:03,103.3900,3,1
2026-03-30,000858,13:09:06,103.3900,1,1
2026-03-30,000858,13:09:09,103.3900,1,1
2026-03-30,000858,13:09:12,103.3800,12,2
2026-03-30,000858,13:09:15,103.3800,10,2
2026-03-30,000858,13:09:18,103.3800,17,2
2026-03-30,000858,13:09:21,103.4000,70,1
2026-03-30,000858,13:09:24,103.3900,18,2
2026-03-30,000858,13:09:27,103.3800,6,2
2026-03-30,000858,13:09:30,103.3800,4,2
2026-03-30,000858,13:09:33,103.3800,12,2
2026-03-30,000858,13:09:36,103.3800,11,2
2026-03-30,000858,13:09:39,103.3800,15,2
2026-03-30,000858,13:09:42,103.3800,8,2
2026-03-30,000858,13:09:45,103.3800,14,2
2026-03-30,000858,13:09:51,103.3800,11,2
2026-03-30,000858,13:09:54,103.3600,71,2
2026-03-30,000858,13:09:57,103.3600,13,2
2026-03-30,000858,13:10:00,103.3600,2,2
2026-03-30,000858,13:10:03,103.3600,5,2
2026-03-30,000858,13:10:06,103.3600,4,2
2026-03-30,000858,13:10:09,103.3800,21,1
2026-03-30,000858,13:10:12,103.3800,9,2
2026-03-30,000858,13:10:15,103.3800,13,1
2026-03-30,000858,13:10:18,103.3700,9,2
2026-03-30,000858,13:10:21,103.3800,76,4
2026-03-30,000858,13:10:24,103.4100,42,1
2026-03-30,000858,13:10:27,103.4100,18,4
2026-03-30,000858,13:10:30,103.4300,6,2
2026-03-30,000858,13:10:33,103.4900,11,1
2026-03-30,000858,13:10:39,103.4900,4,1
2026-03-30,000858,13:10:45,103.4800,1,2
2026-03-30,000858,13:10:48,103.4900,11,1
2026-03-30,000858,13:10:51,103.4800,4,2
2026-03-30,000858,13:10:54,103.4800,3,2
2026-03-30,000858,13:10:57,103.4900,1,1
2026-03-30,000858,13:11:00,103.4800,5,2
2026-03-30,000858,13:11:03,103.4500,33,2
2026-03-30,000858,13:11:09,103.4600,2,4
2026-03-30,000858,13:11:12,103.4300,3,2
2026-03-30,000858,13:11:15,103.4900,1,1
2026-03-30,000858,13:11:18,103.4500,12,2
2026-03-30,000858,13:11:21,103.4900,106,1
2026-03-30,000858,13:11:24,103.4900,2,2
2026-03-30,000858,13:11:27,103.4900,9,2
2026-03-30,000858,13:11:30,103.4900,4,2
2026-03-30,000858,13:11:33,103.5000,15,1
2026-03-30,000858,13:11:36,103.5000,30,1
2026-03-30,000858,13:11:39,103.4900,8,2
2026-03-30,000858,13:11:42,103.5000,2,1
2026-03-30,000858,13:11:45,103.5000,80,1
2026-03-30,000858,13:11:48,103.4800,2,2
2026-03-30,000858,13:11:51,103.4800,1,2
2026-03-30,000858,13:11:54,103.4900,1,1
2026-03-30,000858,13:11:57,103.4800,2,2
2026-03-30,000858,13:12:00,103.4800,7,2
2026-03-30,000858,13:12:03,103.4800,10,2
2026-03-30,000858,13:12:06,103.4600,1,4
2026-03-30,000858,13:12:09,103.4700,3,1
2026-03-30,000858,13:12:12,103.4700,1,1
2026-03-30,000858,13:12:15,103.4500,8,2
2026-03-30,000858,13:12:21,103.4500,14,1
2026-03-30,000858,13:12:24,103.4600,10,2
2026-03-30,000858,13:12:30,103.4700,12,1
2026-03-30,000858,13:12:33,103.4700,2,2
2026-03-30,000858,13:12:39,103.4700,2,4
2026-03-30,000858,13:12:42,103.4800,4,1
2026-03-30,000858,13:12:48,103.4600,2,2
2026-03-30,000858,13:12:51,103.4700,1,4
2026-03-30,000858,13:12:57,103.4700,1,4
2026-03-30,000858,13:13:00,103.4300,188,2
2026-03-30,000858,13:13:06,103.4200,1,2
2026-03-30,000858,13:13:09,103.4200,2,2
2026-03-30,000858,13:13:12,103.4300,1,2
2026-03-30,000858,13:13:15,103.4400,3,1
2026-03-30,000858,13:13:18,103.4400,201,1
2026-03-30,000858,13:13:21,103.4600,60,1
2026-03-30,000858,13:13:24,103.4400,6,2
2026-03-30,000858,13:13:27,103.4500,3,2
2026-03-30,000858,13:13:33,103.4400,10,2
2026-03-30,000858,13:13:36,103.4300,2,2
2026-03-30,000858,13:13:39,103.4200,11,2
2026-03-30,000858,13:13:45,103.4200,8,1
2026-03-30,000858,13:13:51,103.4000,4,2
2026-03-30,000858,13:13:57,103.4100,2,1
2026-03-30,000858,13:14:00,103.3900,28,2
2026-03-30,000858,13:14:03,103.3800,52,2
2026-03-30,000858,13:14:06,103.3800,3,2
2026-03-30,000858,13:14:09,103.3700,5,2
2026-03-30,000858,13:14:12,103.3600,3,2
2026-03-30,000858,13:14:15,103.3700,2,1
2026-03-30,000858,13:14:18,103.3500,113,2
2026-03-30,000858,13:14:21,103.3500,1,2
2026-03-30,000858,13:14:24,103.3600,67,1
2026-03-30,000858,13:14:30,103.3500,6,2
2026-03-30,000858,13:14:33,103.3500,5,2
2026-03-30,000858,13:14:36,103.3500,7,2
2026-03-30,000858,13:14:39,103.3500,307,1
2026-03-30,000858,13:14:42,103.3500,16,1
2026-03-30,000858,13:14:45,103.3500,7,1
2026-03-30,000858,13:14:48,103.3400,3,2
2026-03-30,000858,13:14:51,103.3400,2,2
2026-03-30,000858,13:14:54,103.3400,35,2
2026-03-30,000858,13:14:57,103.3400,8,1
2026-03-30,000858,13:15:00,103.3300,3,2
2026-03-30,000858,13:15:03,103.3200,6,2
2026-03-30,000858,13:15:06,103.3300,2,1
2026-03-30,000858,13:15:09,103.3200,10,2
2026-03-30,000858,13:15:12,103.3200,3,2
2026-03-30,000858,13:15:15,103.3200,1,2
2026-03-30,000858,13:15:18,103.3200,23,2
2026-03-30,000858,13:15:21,103.3300,8,1
2026-03-30,000858,13:15:24,103.3400,47,1
2026-03-30,000858,13:15:27,103.3400,2,2
2026-03-30,000858,13:15:30,103.3700,101,1
2026-03-30,000858,13:15:33,103.3800,20,1
2026-03-30,000858,13:15:36,103.3900,55,1
2026-03-30,000858,13:15:42,103.4000,2,1
2026-03-30,000858,13:15:45,103.4000,10,1
2026-03-30,000858,13:15:48,103.3900,14,2
2026-03-30,000858,13:15:51,103.4100,2,1
2026-03-30,000858,13:15:54,103.4000,16,2
2026-03-30,000858,13:15:57,103.4100,1,1
2026-03-30,000858,13:16:00,103.4100,1,2
2026-03-30,000858,13:16:03,103.4100,10,2
2026-03-30,000858,13:16:06,103.4100,3,4
2026-03-30,000858,13:16:09,103.3900,26,2
2026-03-30,000858,13:16:12,103.4100,1,1
2026-03-30,000858,13:16:18,103.4000,14,1
2026-03-30,000858,13:16:21,103.4000,13,1
2026-03-30,000858,13:16:24,103.3800,174,2
2026-03-30,000858,13:16:27,103.4000,12,1
2026-03-30,000858,13:16:30,103.4100,2,1
2026-03-30,000858,13:16:36,103.3700,1,2
2026-03-30,000858,13:16:39,103.3700,23,2
2026-03-30,000858,13:16:45,103.3900,2,2
2026-03-30,000858,13:16:48,103.4000,2,1
2026-03-30,000858,13:16:51,103.3900,13,1
2026-03-30,000858,13:16:54,103.3900,2,1
2026-03-30,000858,13:16:57,103.3800,1,2
2026-03-30,000858,13:17:00,103.3900,60,1
2026-03-30,000858,13:17:03,103.3800,2,4
2026-03-30,000858,13:17:06,103.3800,5,1
2026-03-30,000858,13:17:12,103.3800,8,2
2026-03-30,000858,13:17:15,103.3800,2,2
2026-03-30,000858,13:17:18,103.3900,13,1
2026-03-30,000858,13:17:21,103.3900,2,1
2026-03-30,000858,13:17:24,103.3900,29,1
2026-03-30,000858,13:17:27,103.3800,2,4
2026-03-30,000858,13:17:30,103.3800,25,2
2026-03-30,000858,13:17:33,103.3800,13,1
2026-03-30,000858,13:17:36,103.3800,5,1
2026-03-30,000858,13:17:39,103.3800,1,1
2026-03-30,000858,13:17:42,103.3800,4,1
2026-03-30,000858,13:17:45,103.3800,18,1
2026-03-30,000858,13:17:48,103.3800,2,1
2026-03-30,000858,13:17:51,103.3700,13,2
2026-03-30,000858,13:17:54,103.3800,4,1
2026-03-30,000858,13:17:57,103.3700,14,2
2026-03-30,000858,13:18:00,103.3800,3,1
2026-03-30,000858,13:18:03,103.3800,23,1
2026-03-30,000858,13:18:06,103.3700,1,2
2026-03-30,000858,13:18:09,103.3800,12,1
2026-03-30,000858,13:18:12,103.3800,2,1
2026-03-30,000858,13:18:15,103.3700,1,2
2026-03-30,000858,13:18:18,103.3800,17,1
2026-03-30,000858,13:18:21,103.3800,19,1
2026-03-30,000858,13:18:24,103.3800,13,2
2026-03-30,000858,13:18:27,103.3700,1,2
2026-03-30,000858,13:18:30,103.3800,17,1
2026-03-30,000858,13:18:33,103.3800,25,1
2026-03-30,000858,13:18:36,103.3800,2,2
2026-03-30,000858,13:18:42,103.3900,23,1
2026-03-30,000858,13:18:48,103.3900,2,1
2026-03-30,000858,13:18:51,103.3900,5,1
2026-03-30,000858,13:18:54,103.3900,13,2
2026-03-30,000858,13:18:57,103.3900,2,2
2026-03-30,000858,13:19:00,103.4000,15,1
2026-03-30,000858,13:19:06,103.3900,14,2
2026-03-30,000858,13:19:09,103.3900,9,2
2026-03-30,000858,13:19:15,103.3900,15,2
2026-03-30,000858,13:19:21,103.4000,42,1
2026-03-30,000858,13:19:24,103.4100,11,1
2026-03-30,000858,13:19:33,103.4100,16,1
2026-03-30,000858,13:19:36,103.4100,32,1
2026-03-30,000858,13:19:39,103.4100,7,1
2026-03-30,000858,13:19:42,103.4100,7,1
2026-03-30,000858,13:19:45,103.4000,33,2
2026-03-30,000858,13:19:48,103.4100,1,1
2026-03-30,000858,13:19:51,103.4000,14,2
2026-03-30,000858,13:19:54,103.4000,1,2
2026-03-30,000858,13:19:57,103.4100,21,1
2026-03-30,000858,13:20:03,103.4100,3,2
2026-03-30,000858,13:20:06,103.4100,2,2
2026-03-30,000858,13:20:09,103.4100,11,2
2026-03-30,000858,13:20:12,103.4200,26,1
2026-03-30,000858,13:20:18,103.4200,17,1
2026-03-30,000858,13:20:24,103.4100,2,2
2026-03-30,000858,13:20:27,103.4200,15,1
2026-03-30,000858,13:20:33,103.4100,13,2
2026-03-30,000858,13:20:39,103.4100,2,2
2026-03-30,000858,13:20:45,103.4100,29,2
2026-03-30,000858,13:20:48,103.4100,13,2
2026-03-30,000858,13:20:51,103.4200,2,2
2026-03-30,000858,13:20:54,103.4200,1,2
2026-03-30,000858,13:21:00,103.4100,4,2
2026-03-30,000858,13:21:03,103.4200,3,2
2026-03-30,000858,13:21:06,103.4200,18,2
2026-03-30,000858,13:21:09,103.4300,1,4
2026-03-30,000858,13:21:12,103.4300,5,1
2026-03-30,000858,13:21:15,103.4300,3,2
2026-03-30,000858,13:21:21,103.4300,1,2
2026-03-30,000858,13:21:24,103.4400,5,1
2026-03-30,000858,13:21:27,103.4300,2,2
2026-03-30,000858,13:21:33,103.4300,27,2
2026-03-30,000858,13:21:36,103.4300,4,2
2026-03-30,000858,13:21:39,103.4400,6,1
2026-03-30,000858,13:21:42,103.4300,26,2
2026-03-30,000858,13:21:45,103.4400,12,1
2026-03-30,000858,13:21:48,103.4400,2,4
2026-03-30,000858,13:21:51,103.4300,2,2
2026-03-30,000858,13:21:54,103.4300,8,1
2026-03-30,000858,13:21:57,103.4500,6,1
2026-03-30,000858,13:22:00,103.4400,8,2
2026-03-30,000858,13:22:03,103.4400,6,2
2026-03-30,000858,13:22:06,103.4400,14,1
2026-03-30,000858,13:22:12,103.4400,1,1
2026-03-30,000858,13:22:15,103.4300,13,2
2026-03-30,000858,13:22:18,103.4400,13,1
2026-03-30,000858,13:22:21,103.4300,4,1
2026-03-30,000858,13:22:24,103.4300,4,1
2026-03-30,000858,13:22:27,103.4300,22,1
2026-03-30,000858,13:22:30,103.4300,5,2
2026-03-30,000858,13:22:33,103.4300,14,1
2026-03-30,000858,13:22:36,103.4300,1,1
2026-03-30,000858,13:22:39,103.4300,9,1
2026-03-30,000858,13:22:42,103.4200,19,2
2026-03-30,000858,13:22:45,103.4300,4,2
2026-03-30,000858,13:22:48,103.4200,10,2
2026-03-30,000858,13:22:54,103.4400,7,1
2026-03-30,000858,13:22:57,103.4300,2,4
2026-03-30,000858,13:23:00,103.4400,12,1
2026-03-30,000858,13:23:03,103.4500,20,1
2026-03-30,000858,13:23:06,103.4400,53,2
2026-03-30,000858,13:23:09,103.4600,3,1
2026-03-30,000858,13:23:12,103.4600,1,1
2026-03-30,000858,13:23:15,103.4600,3,1
2026-03-30,000858,13:23:18,103.4600,4,1
2026-03-30,000858,13:23:21,103.4500,101,2
2026-03-30,000858,13:23:24,103.4600,2,1
2026-03-30,000858,13:23:30,103.4700,22,1
2026-03-30,000858,13:23:33,103.4800,4,1
2026-03-30,000858,13:23:36,103.4700,6,2
2026-03-30,000858,13:23:39,103.4500,81,2
2026-03-30,000858,13:23:42,103.4600,2,1
2026-03-30,000858,13:23:45,103.4500,47,2
2026-03-30,000858,13:23:48,103.4600,9,1
2026-03-30,000858,13:23:51,103.4600,1,2
2026-03-30,000858,13:23:54,103.4700,39,1
2026-03-30,000858,13:23:57,103.4400,36,2
2026-03-30,000858,13:24:00,103.4200,33,2
2026-03-30,000858,13:24:03,103.4200,4,2
2026-03-30,000858,13:24:09,103.4500,3,1
2026-03-30,000858,13:24:15,103.4400,6,1
2026-03-30,000858,13:24:18,103.4500,26,1
2026-03-30,000858,13:24:24,103.4500,6,1
2026-03-30,000858,13:24:27,103.4400,4,4
2026-03-30,000858,13:24:30,103.4500,34,1
2026-03-30,000858,13:24:33,103.4600,2,1
2026-03-30,000858,13:24:36,103.4500,14,2
2026-03-30,000858,13:24:39,103.4600,28,1
2026-03-30,000858,13:24:42,103.4600,37,2
2026-03-30,000858,13:24:45,103.4700,29,1
2026-03-30,000858,13:24:48,103.4700,19,2
2026-03-30,000858,13:24:51,103.4800,2,1
2026-03-30,000858,13:24:54,103.4800,3,1
2026-03-30,000858,13:24:57,103.4700,8,2
2026-03-30,000858,13:25:00,103.4800,1,1
2026-03-30,000858,13:25:03,103.4800,14,1
2026-03-30,000858,13:25:06,103.4700,13,2
2026-03-30,000858,13:25:12,103.4800,2,1
2026-03-30,000858,13:25:18,103.4800,1,1
2026-03-30,000858,13:25:21,103.4700,28,2
2026-03-30,000858,13:25:24,103.4800,4,1
2026-03-30,000858,13:25:27,103.4900,88,1
2026-03-30,000858,13:25:30,103.5000,4,1
2026-03-30,000858,13:25:33,103.4900,3,2
2026-03-30,000858,13:25:36,103.4900,4,2
2026-03-30,000858,13:25:39,103.5000,1,1
2026-03-30,000858,13:25:42,103.5000,27,1
2026-03-30,000858,13:25:45,103.5000,2,1
2026-03-30,000858,13:25:48,103.5000,63,1
2026-03-30,000858,13:25:57,103.5000,15,2
2026-03-30,000858,13:26:00,103.5000,12,2
2026-03-30,000858,13:26:03,103.5100,2,2
2026-03-30,000858,13:26:06,103.5100,4,2
2026-03-30,000858,13:26:15,103.5000,3,2
2026-03-30,000858,13:26:18,103.5100,4,4
2026-03-30,000858,13:26:21,103.5100,1,2
2026-03-30,000858,13:26:24,103.5200,1,1
2026-03-30,000858,13:26:30,103.5300,32,1
2026-03-30,000858,13:26:33,103.5400,28,1
2026-03-30,000858,13:26:36,103.5400,1,1
2026-03-30,000858,13:26:39,103.5300,18,2
2026-03-30,000858,13:26:42,103.5300,6,1
2026-03-30,000858,13:26:45,103.5200,6,2
2026-03-30,000858,13:26:48,103.5300,3,1
2026-03-30,000858,13:26:51,103.5400,4,1
2026-03-30,000858,13:26:57,103.5400,9,1
2026-03-30,000858,13:27:00,103.5300,7,2
2026-03-30,000858,13:27:03,103.5300,15,2
2026-03-30,000858,13:27:06,103.5500,134,1
2026-03-30,000858,13:27:09,103.5300,5,2
2026-03-30,000858,13:27:12,103.5300,2,2
2026-03-30,000858,13:27:15,103.5300,2,2
2026-03-30,000858,13:27:18,103.5400,18,1
2026-03-30,000858,13:27:21,103.5300,3,2
2026-03-30,000858,13:27:24,103.5400,3,1
2026-03-30,000858,13:27:27,103.5300,15,2
2026-03-30,000858,13:27:30,103.5300,17,1
2026-03-30,000858,13:27:33,103.5300,13,1
2026-03-30,000858,13:27:36,103.5300,14,1
2026-03-30,000858,13:27:39,103.5200,1,4
2026-03-30,000858,13:27:42,103.5100,15,2
2026-03-30,000858,13:27:45,103.5100,3,1
2026-03-30,000858,13:27:48,103.5000,2,2
2026-03-30,000858,13:27:51,103.5000,8,2
2026-03-30,000858,13:27:54,103.5100,4,1
2026-03-30,000858,13:27:57,103.5100,7,1
2026-03-30,000858,13:28:00,103.5100,28,1
2026-03-30,000858,13:28:03,103.5000,1,2
2026-03-30,000858,13:28:06,103.5000,20,2
2026-03-30,000858,13:28:09,103.5100,3,1
2026-03-30,000858,13:28:12,103.5000,4,2
2026-03-30,000858,13:28:15,103.5000,16,2
2026-03-30,000858,13:28:18,103.5000,1,2
2026-03-30,000858,13:28:21,103.5000,5,2
2026-03-30,000858,13:28:24,103.4900,3,2
2026-03-30,000858,13:28:27,103.4900,1,2
2026-03-30,000858,13:28:30,103.4900,1,2
2026-03-30,000858,13:28:33,103.4900,2,2
2026-03-30,000858,13:28:39,103.4900,3,2
2026-03-30,000858,13:28:42,103.5000,41,1
2026-03-30,000858,13:28:45,103.4900,47,2
2026-03-30,000858,13:28:48,103.4900,7,1
2026-03-30,000858,13:28:51,103.4900,2,1
2026-03-30,000858,13:28:54,103.4800,2,2
2026-03-30,000858,13:29:00,103.4800,7,2
2026-03-30,000858,13:29:06,103.4800,16,2
2026-03-30,000858,13:29:09,103.4800,2,2
2026-03-30,000858,13:29:12,103.4800,5,2
2026-03-30,000858,13:29:15,103.4900,3,1
2026-03-30,000858,13:29:18,103.4900,6,1
2026-03-30,000858,13:29:21,103.4800,2,2
2026-03-30,000858,13:29:24,103.4900,5,1
2026-03-30,000858,13:29:27,103.4900,11,1
2026-03-30,000858,13:29:30,103.4900,3,1
2026-03-30,000858,13:29:33,103.4800,12,2
2026-03-30,000858,13:29:36,103.4800,4,2
2026-03-30,000858,13:29:39,103.4800,25,2
2026-03-30,000858,13:29:45,103.4800,1,2
2026-03-30,000858,13:29:48,103.4800,5,2
2026-03-30,000858,13:29:51,103.4800,1,2
2026-03-30,000858,13:29:54,103.5000,18,1
2026-03-30,000858,13:29:57,103.4900,1,4
2026-03-30,000858,13:30:03,103.4800,1,2
2026-03-30,000858,13:30:06,103.4800,3,2
2026-03-30,000858,13:30:09,103.4800,5,2
2026-03-30,000858,13:30:12,103.4800,17,2
2026-03-30,000858,13:30:21,103.4800,4,2
2026-03-30,000858,13:30:24,103.4800,1,2
2026-03-30,000858,13:30:27,103.4800,2,2
2026-03-30,000858,13:30:30,103.4900,2,1
2026-03-30,000858,13:30:33,103.4900,12,1
2026-03-30,000858,13:30:36,103.5000,41,1
2026-03-30,000858,13:30:39,103.4900,12,2
2026-03-30,000858,13:30:42,103.4900,5,2
2026-03-30,000858,13:30:45,103.4900,12,2
2026-03-30,000858,13:30:48,103.4900,6,2
2026-03-30,000858,13:30:51,103.4900,12,2
2026-03-30,000858,13:30:54,103.5000,35,1
2026-03-30,000858,13:30:57,103.5000,19,1
2026-03-30,000858,13:31:00,103.5000,7,2
2026-03-30,000858,13:31:06,103.5100,14,1
2026-03-30,000858,13:31:09,103.5200,29,1
2026-03-30,000858,13:31:12,103.5400,41,1
2026-03-30,000858,13:31:15,103.5500,43,1
2026-03-30,000858,13:31:18,103.5500,11,1
2026-03-30,000858,13:31:21,103.5500,2,1
2026-03-30,000858,13:31:24,103.5500,5,1
2026-03-30,000858,13:31:27,103.5400,27,2
2026-03-30,000858,13:31:30,103.5400,140,2
2026-03-30,000858,13:31:42,103.5100,3,2
2026-03-30,000858,13:31:48,103.5000,16,2
2026-03-30,000858,13:31:51,103.5100,1,4
2026-03-30,000858,13:31:54,103.5100,6,1
2026-03-30,000858,13:31:57,103.5000,10,2
2026-03-30,000858,13:32:03,103.5200,2,1
2026-03-30,000858,13:32:09,103.5100,5,2
2026-03-30,000858,13:32:12,103.5200,7,1
2026-03-30,000858,13:32:15,103.5100,10,2
2026-03-30,000858,13:32:21,103.5200,5,1
2026-03-30,000858,13:32:27,103.5100,1,2
2026-03-30,000858,13:32:33,103.5100,3,2
2026-03-30,000858,13:32:36,103.5200,14,1
2026-03-30,000858,13:32:42,103.5200,10,1
2026-03-30,000858,13:32:45,103.5200,22,2
2026-03-30,000858,13:32:51,103.5200,1,2
2026-03-30,000858,13:32:54,103.5300,2,1
2026-03-30,000858,13:32:57,103.5200,3,2
2026-03-30,000858,13:33:00,103.5300,2,1
2026-03-30,000858,13:33:06,103.5300,7,1
2026-03-30,000858,13:33:09,103.5300,1,1
2026-03-30,000858,13:33:12,103.5300,9,1
2026-03-30,000858,13:33:15,103.5200,3,2
2026-03-30,000858,13:33:18,103.5300,11,4
2026-03-30,000858,13:33:21,103.5200,12,2
2026-03-30,000858,13:33:24,103.5200,1,1
2026-03-30,000858,13:33:27,103.5100,1,2
2026-03-30,000858,13:33:33,103.5100,14,2
2026-03-30,000858,13:33:36,103.5000,4,2
2026-03-30,000858,13:33:39,103.5100,1,1
2026-03-30,000858,13:33:42,103.5000,2,2
2026-03-30,000858,13:33:45,103.5000,24,2
2026-03-30,000858,13:33:48,103.5100,2,1
2026-03-30,000858,13:33:51,103.5000,26,2
2026-03-30,000858,13:33:57,103.5000,8,2
2026-03-30,000858,13:34:00,103.5100,2,1
2026-03-30,000858,13:34:03,103.5000,6,2
2026-03-30,000858,13:34:06,103.5000,3,2
2026-03-30,000858,13:34:09,103.5100,11,1
2026-03-30,000858,13:34:12,103.5000,2,2
2026-03-30,000858,13:34:15,103.5000,15,2
2026-03-30,000858,13:34:18,103.5000,4,2
2026-03-30,000858,13:34:21,103.5000,5,2
2026-03-30,000858,13:34:24,103.5000,8,2
2026-03-30,000858,13:34:27,103.5000,34,2
2026-03-30,000858,13:34:30,103.5000,9,2
2026-03-30,000858,13:34:36,103.5000,1,2
2026-03-30,000858,13:34:39,103.5100,3,1
2026-03-30,000858,13:34:45,103.5000,3,2
2026-03-30,000858,13:34:48,103.5000,1,2
2026-03-30,000858,13:34:51,103.5000,10,2
2026-03-30,000858,13:34:54,103.5000,31,2
2026-03-30,000858,13:34:57,103.4900,15,2
2026-03-30,000858,13:35:00,103.5000,2,1
2026-03-30,000858,13:35:03,103.4900,2,2
2026-03-30,000858,13:35:06,103.4900,4,2
2026-03-30,000858,13:35:09,103.5000,6,1
2026-03-30,000858,13:35:15,103.4900,4,2
2026-03-30,000858,13:35:18,103.4900,3,2
2026-03-30,000858,13:35:21,103.4900,16,2
2026-03-30,000858,13:35:24,103.4900,16,2
2026-03-30,000858,13:35:27,103.4900,4,2
2026-03-30,000858,13:35:30,103.4900,6,2
2026-03-30,000858,13:35:33,103.4900,22,2
2026-03-30,000858,13:35:36,103.4900,3,2
2026-03-30,000858,13:35:39,103.4900,29,2
2026-03-30,000858,13:35:42,103.4900,11,2
2026-03-30,000858,13:35:48,103.4900,1,1
2026-03-30,000858,13:35:54,103.4900,5,1
2026-03-30,000858,13:36:00,103.4900,2,1
2026-03-30,000858,13:36:03,103.4800,2,2
2026-03-30,000858,13:36:06,103.4800,25,2
2026-03-30,000858,13:36:15,103.4800,2,2
2026-03-30,000858,13:36:18,103.4900,37,1
2026-03-30,000858,13:36:21,103.4800,5,2
2026-03-30,000858,13:36:24,103.4800,7,2
2026-03-30,000858,13:36:27,103.4800,5,2
2026-03-30,000858,13:36:30,103.4800,8,2
2026-03-30,000858,13:36:33,103.4800,22,2
2026-03-30,000858,13:36:42,103.4700,2,2
2026-03-30,000858,13:36:45,103.4700,40,2
2026-03-30,000858,13:36:48,103.4500,5,2
2026-03-30,000858,13:36:51,103.4400,14,2
2026-03-30,000858,13:36:57,103.4500,6,1
2026-03-30,000858,13:37:00,103.4400,21,2
2026-03-30,000858,13:37:03,103.4400,7,1
2026-03-30,000858,13:37:06,103.4300,3,2
2026-03-30,000858,13:37:09,103.4400,14,1
2026-03-30,000858,13:37:12,103.4400,16,2
2026-03-30,000858,13:37:15,103.4400,3,1
2026-03-30,000858,13:37:18,103.4400,3,2
2026-03-30,000858,13:37:21,103.4300,10,2
2026-03-30,000858,13:37:24,103.4400,19,4
2026-03-30,000858,13:37:27,103.4300,49,2
2026-03-30,000858,13:37:30,103.4200,6,2
2026-03-30,000858,13:37:33,103.4200,6,2
2026-03-30,000858,13:37:36,103.4200,14,2
2026-03-30,000858,13:37:39,103.4100,17,2
2026-03-30,000858,13:37:42,103.4000,3,2
2026-03-30,000858,13:37:45,103.4200,17,1
2026-03-30,000858,13:37:48,103.4200,11,2
2026-03-30,000858,13:37:51,103.4000,31,2
2026-03-30,000858,13:37:54,103.4100,2,2
2026-03-30,000858,13:38:00,103.4200,12,1
2026-03-30,000858,13:38:06,103.4200,3,1
2026-03-30,000858,13:38:09,103.4200,24,1
2026-03-30,000858,13:38:12,103.4200,29,1
2026-03-30,000858,13:38:15,103.4000,26,2
2026-03-30,000858,13:38:18,103.4000,8,2
2026-03-30,000858,13:38:21,103.4100,13,1
2026-03-30,000858,13:38:24,103.4000,14,2
2026-03-30,000858,13:38:27,103.4100,2,1
2026-03-30,000858,13:38:30,103.4100,20,1
2026-03-30,000858,13:38:33,103.4000,3,2
2026-03-30,000858,13:38:36,103.4000,97,2
2026-03-30,000858,13:38:39,103.4000,61,1
2026-03-30,000858,13:38:42,103.3800,5,2
2026-03-30,000858,13:38:45,103.3700,12,2
2026-03-30,000858,13:38:48,103.3300,40,2
2026-03-30,000858,13:38:51,103.3500,33,1
2026-03-30,000858,13:38:54,103.3300,24,2
2026-03-30,000858,13:38:57,103.3300,1,1
2026-03-30,000858,13:39:00,103.3300,23,1
2026-03-30,000858,13:39:03,103.3300,2,1
2026-03-30,000858,13:39:06,103.3200,10,2
2026-03-30,000858,13:39:09,103.3200,22,1
2026-03-30,000858,13:39:12,103.3300,5,1
2026-03-30,000858,13:39:15,103.3500,1,1
2026-03-30,000858,13:39:18,103.3300,11,2
2026-03-30,000858,13:39:21,103.3500,8,1
2026-03-30,000858,13:39:24,103.3500,3,1
2026-03-30,000858,13:39:27,103.3600,34,1
2026-03-30,000858,13:39:30,103.3700,6,1
2026-03-30,000858,13:39:33,103.3600,6,2
2026-03-30,000858,13:39:36,103.3800,4,1
2026-03-30,000858,13:39:39,103.3900,5,1
2026-03-30,000858,13:39:42,103.3600,2,2
2026-03-30,000858,13:39:45,103.3600,36,2
2026-03-30,000858,13:39:51,103.3800,13,2
2026-03-30,000858,13:39:54,103.3800,4,2
2026-03-30,000858,13:39:57,103.3700,5,2
2026-03-30,000858,13:40:00,103.3900,5,1
2026-03-30,000858,13:40:03,103.3700,8,2
2026-03-30,000858,13:40:06,103.3700,2,2
2026-03-30,000858,13:40:09,103.3700,8,1
2026-03-30,000858,13:40:15,103.3700,10,1
2026-03-30,000858,13:40:18,103.3700,11,1
2026-03-30,000858,13:40:21,103.3700,6,1
2026-03-30,000858,13:40:24,103.3600,8,2
2026-03-30,000858,13:40:27,103.3500,6,2
2026-03-30,000858,13:40:30,103.3600,9,1
2026-03-30,000858,13:40:33,103.3700,7,1
2026-03-30,000858,13:40:36,103.3500,105,2
2026-03-30,000858,13:40:39,103.3900,25,1
2026-03-30,000858,13:40:42,103.3700,10,2
2026-03-30,000858,13:40:45,103.3700,13,2
2026-03-30,000858,13:40:48,103.3700,1,2
2026-03-30,000858,13:40:51,103.3800,42,2
2026-03-30,000858,13:40:54,103.3700,5,2
2026-03-30,000858,13:40:57,103.3800,1,1
2026-03-30,000858,13:41:00,103.3800,9,1
2026-03-30,000858,13:41:03,103.3800,4,1
2026-03-30,000858,13:41:06,103.3800,10,1
2026-03-30,000858,13:41:09,103.3700,3,2
2026-03-30,000858,13:41:12,103.3800,4,1
2026-03-30,000858,13:41:15,103.3700,6,2
2026-03-30,000858,13:41:18,103.3700,3,2
2026-03-30,000858,13:41:21,103.3700,4,2
2026-03-30,000858,13:41:27,103.3600,8,2
2026-03-30,000858,13:41:30,103.3600,11,2
2026-03-30,000858,13:41:33,103.3600,5,2
2026-03-30,000858,13:41:36,103.3500,2,2
2026-03-30,000858,13:41:39,103.3500,40,2
2026-03-30,000858,13:41:42,103.3300,16,2
2026-03-30,000858,13:41:45,103.3300,33,2
2026-03-30,000858,13:41:48,103.3300,2,2
2026-03-30,000858,13:41:51,103.3400,19,1
2026-03-30,000858,13:41:54,103.3300,2,1
2026-03-30,000858,13:41:57,103.3200,8,2
2026-03-30,000858,13:42:00,103.3400,15,1
2026-03-30,000858,13:42:03,103.3000,158,2
2026-03-30,000858,13:42:06,103.3000,42,1
2026-03-30,000858,13:42:09,103.3300,91,1
2026-03-30,000858,13:42:12,103.3200,7,2
2026-03-30,000858,13:42:15,103.3200,4,2
2026-03-30,000858,13:42:18,103.3200,3,2
2026-03-30,000858,13:42:21,103.3200,79,2
2026-03-30,000858,13:42:24,103.3200,4,2
2026-03-30,000858,13:42:27,103.3200,12,2
2026-03-30,000858,13:42:30,103.3200,20,1
2026-03-30,000858,13:42:33,103.3200,12,1
2026-03-30,000858,13:42:36,103.3200,51,1
2026-03-30,000858,13:42:39,103.3200,3,2
2026-03-30,000858,13:42:42,103.3200,1,2
2026-03-30,000858,13:42:45,103.3500,33,1
2026-03-30,000858,13:42:51,103.3300,2,2
2026-03-30,000858,13:42:54,103.3300,3,2
2026-03-30,000858,13:43:00,103.3300,10,2
2026-03-30,000858,13:43:03,103.3300,59,2
2026-03-30,000858,13:43:09,103.3300,1,2
2026-03-30,000858,13:43:15,103.3300,4,2
2026-03-30,000858,13:43:18,103.3300,3,2
2026-03-30,000858,13:43:24,103.3500,5,1
2026-03-30,000858,13:43:30,103.3500,6,1
2026-03-30,000858,13:43:33,103.3500,2,1
2026-03-30,000858,13:43:36,103.3000,101,2
2026-03-30,000858,13:43:39,103.3000,163,1
2026-03-30,000858,13:43:42,103.2900,47,2
2026-03-30,000858,13:43:45,103.3100,3,1
2026-03-30,000858,13:43:48,103.3100,2,2
2026-03-30,000858,13:43:51,103.2000,505,2
2026-03-30,000858,13:43:54,103.3100,9,2
2026-03-30,000858,13:43:57,103.3300,3,2
2026-03-30,000858,13:44:00,103.3000,156,2
2026-03-30,000858,13:44:03,103.3000,109,2
2026-03-30,000858,13:44:06,103.3000,33,2
2026-03-30,000858,13:44:09,103.3000,4,1
2026-03-30,000858,13:44:12,103.2900,28,2
2026-03-30,000858,13:44:18,103.2900,28,1
2026-03-30,000858,13:44:21,103.2800,25,2
2026-03-30,000858,13:44:24,103.2800,4,2
2026-03-30,000858,13:44:27,103.2800,10,2
2026-03-30,000858,13:44:30,103.2800,20,1
2026-03-30,000858,13:44:33,103.2800,8,1
2026-03-30,000858,13:44:36,103.2800,3,1
2026-03-30,000858,13:44:39,103.2700,25,2
2026-03-30,000858,13:44:42,103.2800,4,1
2026-03-30,000858,13:44:45,103.2900,4,1
2026-03-30,000858,13:44:48,103.2900,4,1
2026-03-30,000858,13:44:54,103.2900,17,4
2026-03-30,000858,13:44:57,103.3000,5,1
2026-03-30,000858,13:45:00,103.2800,103,2
2026-03-30,000858,13:45:03,103.3000,3,4
2026-03-30,000858,13:45:06,103.3000,13,1
2026-03-30,000858,13:45:09,103.3000,1,4
2026-03-30,000858,13:45:12,103.2900,12,2
2026-03-30,000858,13:45:15,103.2900,4,2
2026-03-30,000858,13:45:18,103.2900,2,2
2026-03-30,000858,13:45:21,103.2900,23,2
2026-03-30,000858,13:45:24,103.2900,3,2
2026-03-30,000858,13:45:27,103.3000,8,1
2026-03-30,000858,13:45:30,103.2900,23,2
2026-03-30,000858,13:45:33,103.2900,7,2
2026-03-30,000858,13:45:36,103.2900,4,2
2026-03-30,000858,13:45:42,103.2900,2,2
2026-03-30,000858,13:45:45,103.3000,8,1
2026-03-30,000858,13:45:48,103.3000,1,1
2026-03-30,000858,13:45:51,103.2900,4,2
2026-03-30,000858,13:45:54,103.2900,3,2
2026-03-30,000858,13:45:57,103.2900,1,2
2026-03-30,000858,13:46:00,103.3000,2,1
2026-03-30,000858,13:46:03,103.3000,1,1
2026-03-30,000858,13:46:06,103.3000,13,1
2026-03-30,000858,13:46:09,103.2900,2,2
2026-03-30,000858,13:46:12,103.3000,21,1
2026-03-30,000858,13:46:15,103.3000,21,1
2026-03-30,000858,13:46:18,103.3000,10,1
2026-03-30,000858,13:46:21,103.3000,1,1
2026-03-30,000858,13:46:24,103.3000,85,1
2026-03-30,000858,13:46:27,103.3000,87,2
2026-03-30,000858,13:46:30,103.3100,1,2
2026-03-30,000858,13:46:33,103.3200,42,2
2026-03-30,000858,13:46:39,103.3200,3,2
2026-03-30,000858,13:46:42,103.3200,1,2
2026-03-30,000858,13:46:45,103.3500,2,1
2026-03-30,000858,13:46:48,103.3200,6,2
2026-03-30,000858,13:46:51,103.3200,2,2
2026-03-30,000858,13:46:54,103.3200,3,2
2026-03-30,000858,13:47:00,103.3200,5,2
2026-03-30,000858,13:47:03,103.3300,2,2
2026-03-30,000858,13:47:06,103.3400,7,1
2026-03-30,000858,13:47:09,103.3200,1,2
2026-03-30,000858,13:47:12,103.3400,17,1
2026-03-30,000858,13:47:18,103.3400,11,1
2026-03-30,000858,13:47:21,103.3400,2,2
2026-03-30,000858,13:47:24,103.3400,3,2
2026-03-30,000858,13:47:27,103.3500,3,1
2026-03-30,000858,13:47:30,103.3400,27,2
2026-03-30,000858,13:47:36,103.3500,5,1
2026-03-30,000858,13:47:39,103.3500,1,1
2026-03-30,000858,13:47:42,103.3500,7,1
2026-03-30,000858,13:47:45,103.3500,101,1
2026-03-30,000858,13:47:48,103.3500,16,1
2026-03-30,000858,13:47:51,103.3600,14,1
2026-03-30,000858,13:47:54,103.3500,12,2
2026-03-30,000858,13:47:57,103.3600,9,2
2026-03-30,000858,13:48:00,103.3600,1,2
2026-03-30,000858,13:48:03,103.3800,4,1
2026-03-30,000858,13:48:06,103.3600,15,2
2026-03-30,000858,13:48:09,103.3700,1,4
2026-03-30,000858,13:48:12,103.3700,6,4
2026-03-30,000858,13:48:15,103.3700,1,2
2026-03-30,000858,13:48:18,103.3700,2,2
2026-03-30,000858,13:48:21,103.3700,2,2
2026-03-30,000858,13:48:24,103.3800,26,1
2026-03-30,000858,13:48:27,103.3800,2,1
2026-03-30,000858,13:48:30,103.3800,5,2
2026-03-30,000858,13:48:33,103.4000,27,1
2026-03-30,000858,13:48:36,103.4000,13,2
2026-03-30,000858,13:48:39,103.4000,2,2
2026-03-30,000858,13:48:45,103.4000,4,2
2026-03-30,000858,13:48:48,103.4000,5,2
2026-03-30,000858,13:48:51,103.4000,2,1
2026-03-30,000858,13:48:54,103.4000,11,1
2026-03-30,000858,13:48:57,103.4000,4,1
2026-03-30,000858,13:49:00,103.4000,22,1
2026-03-30,000858,13:49:03,103.4000,1,2
2026-03-30,000858,13:49:09,103.4000,6,2
2026-03-30,000858,13:49:15,103.4100,6,1
2026-03-30,000858,13:49:18,103.4000,10,2
2026-03-30,000858,13:49:21,103.4100,1,1
2026-03-30,000858,13:49:24,103.4100,2,1
2026-03-30,000858,13:49:27,103.4100,4,1
2026-03-30,000858,13:49:30,103.4000,75,2
2026-03-30,000858,13:49:33,103.4000,1,1
2026-03-30,000858,13:49:36,103.4000,2,1
2026-03-30,000858,13:49:39,103.4200,35,1
2026-03-30,000858,13:49:42,103.3900,11,2
2026-03-30,000858,13:49:45,103.4000,3,1
2026-03-30,000858,13:49:48,103.3900,4,2
2026-03-30,000858,13:49:51,103.3900,3,1
2026-03-30,000858,13:49:54,103.3900,7,2
2026-03-30,000858,13:49:57,103.3900,1,1
2026-03-30,000858,13:50:00,103.3900,10,2
2026-03-30,000858,13:50:03,103.3800,2,2
2026-03-30,000858,13:50:06,103.3800,3,2
2026-03-30,000858,13:50:12,103.3800,8,2
2026-03-30,000858,13:50:15,103.3700,6,2
2026-03-30,000858,13:50:21,103.3800,3,1
2026-03-30,000858,13:50:24,103.3900,10,1
2026-03-30,000858,13:50:27,103.3700,4,2
2026-03-30,000858,13:50:30,103.3700,11,2
2026-03-30,000858,13:50:33,103.3600,15,2
2026-03-30,000858,13:50:36,103.3600,5,1
2026-03-30,000858,13:50:39,103.3500,2,2
2026-03-30,000858,13:50:42,103.3500,3,2
2026-03-30,000858,13:50:45,103.3400,8,2
2026-03-30,000858,13:50:48,103.3500,5,1
2026-03-30,000858,13:50:51,103.3500,2,1
2026-03-30,000858,13:50:54,103.3400,6,1
2026-03-30,000858,13:50:57,103.3400,1,1
2026-03-30,000858,13:51:00,103.3500,7,1
2026-03-30,000858,13:51:03,103.3500,6,4
2026-03-30,000858,13:51:06,103.3400,2,2
2026-03-30,000858,13:51:09,103.3700,23,1
2026-03-30,000858,13:51:12,103.3700,6,2
2026-03-30,000858,13:51:21,103.3600,8,2
2026-03-30,000858,13:51:24,103.3800,6,1
2026-03-30,000858,13:51:27,103.3600,1,2
2026-03-30,000858,13:51:30,103.3700,2,1
2026-03-30,000858,13:51:33,103.3600,1,2
2026-03-30,000858,13:51:36,103.3700,9,1
2026-03-30,000858,13:51:39,103.3800,3,1
2026-03-30,000858,13:51:42,103.3700,9,2
2026-03-30,000858,13:51:48,103.3800,6,1
2026-03-30,000858,13:51:51,103.3800,4,1
2026-03-30,000858,13:51:54,103.3800,10,1
2026-03-30,000858,13:52:03,103.3800,4,1
2026-03-30,000858,13:52:06,103.3800,4,1
2026-03-30,000858,13:52:09,103.3800,7,1
2026-03-30,000858,13:52:12,103.3700,2,2
2026-03-30,000858,13:52:15,103.3800,1,1
2026-03-30,000858,13:52:18,103.3700,2,2
2026-03-30,000858,13:52:21,103.3800,11,1
2026-03-30,000858,13:52:24,103.3800,2,1
2026-03-30,000858,13:52:27,103.3700,11,2
2026-03-30,000858,13:52:30,103.3800,31,1
2026-03-30,000858,13:52:33,103.3800,9,2
2026-03-30,000858,13:52:36,103.3900,6,1
2026-03-30,000858,13:52:42,103.3900,4,2
2026-03-30,000858,13:52:45,103.3900,48,2
2026-03-30,000858,13:52:48,103.3900,4,1
2026-03-30,000858,13:52:54,103.3900,4,2
2026-03-30,000858,13:53:00,103.4000,7,2
2026-03-30,000858,13:53:06,103.4000,35,2
2026-03-30,000858,13:53:09,103.4000,13,2
2026-03-30,000858,13:53:12,103.4100,14,1
2026-03-30,000858,13:53:18,103.4100,9,1
2026-03-30,000858,13:53:21,103.4000,15,2
2026-03-30,000858,13:53:24,103.4100,3,1
2026-03-30,000858,13:53:27,103.4100,37,1
2026-03-30,000858,13:53:30,103.4100,1,1
2026-03-30,000858,13:53:33,103.4000,4,2
2026-03-30,000858,13:53:36,103.4100,25,1
2026-03-30,000858,13:53:39,103.4200,4,1
2026-03-30,000858,13:53:42,103.4000,11,2
2026-03-30,000858,13:53:45,103.4100,2,2
2026-03-30,000858,13:53:48,103.4200,1,1
2026-03-30,000858,13:53:51,103.4100,11,2
2026-03-30,000858,13:53:54,103.4100,4,2
2026-03-30,000858,13:54:00,103.4100,11,2
2026-03-30,000858,13:54:03,103.4100,3,2
2026-03-30,000858,13:54:06,103.4300,22,1
2026-03-30,000858,13:54:09,103.4100,14,2
2026-03-30,000858,13:54:12,103.4200,4,1
2026-03-30,000858,13:54:15,103.4100,7,2
2026-03-30,000858,13:54:18,103.4100,3,2
2026-03-30,000858,13:54:21,103.4100,2,2
2026-03-30,000858,13:54:24,103.4200,16,1
2026-03-30,000858,13:54:27,103.4200,20,2
2026-03-30,000858,13:54:30,103.4300,4,1
2026-03-30,000858,13:54:33,103.4200,45,2
2026-03-30,000858,13:54:36,103.4100,5,2
2026-03-30,000858,13:54:39,103.4200,4,1
2026-03-30,000858,13:54:42,103.4200,2,1
2026-03-30,000858,13:54:45,103.4100,3,2
2026-03-30,000858,13:54:48,103.4200,4,1
2026-03-30,000858,13:54:51,103.4100,4,2
2026-03-30,000858,13:55:03,103.4100,4,2
2026-03-30,000858,13:55:06,103.4200,6,1
2026-03-30,000858,13:55:09,103.4200,2,1
2026-03-30,000858,13:55:15,103.4300,3,1
2026-03-30,000858,13:55:18,103.4300,8,1
2026-03-30,000858,13:55:24,103.4300,3,1
2026-03-30,000858,13:55:27,103.4300,17,1
2026-03-30,000858,13:55:30,103.4200,21,2
2026-03-30,000858,13:55:33,103.4200,14,2
2026-03-30,000858,13:55:36,103.4300,5,1
2026-03-30,000858,13:55:39,103.4200,7,2
2026-03-30,000858,13:55:42,103.4200,5,2
2026-03-30,000858,13:55:45,103.4200,1,2
2026-03-30,000858,13:55:48,103.4300,7,1
2026-03-30,000858,13:55:51,103.4300,4,1
2026-03-30,000858,13:55:54,103.4300,14,1
2026-03-30,000858,13:55:57,103.4300,37,1
2026-03-30,000858,13:56:00,103.4200,11,2
2026-03-30,000858,13:56:03,103.4300,10,1
2026-03-30,000858,13:56:06,103.4300,4,1
2026-03-30,000858,13:56:09,103.4200,1,2
2026-03-30,000858,13:56:12,103.4300,4,1
2026-03-30,000858,13:56:15,103.4200,43,2
2026-03-30,000858,13:56:18,103.4200,18,2
2026-03-30,000858,13:56:21,103.4200,3,2
2026-03-30,000858,13:56:24,103.4200,5,2
2026-03-30,000858,13:56:27,103.4200,14,2
2026-03-30,000858,13:56:30,103.4200,3,2
2026-03-30,000858,13:56:33,103.4200,13,2
2026-03-30,000858,13:56:36,103.4200,1,2
2026-03-30,000858,13:56:39,103.4200,7,2
2026-03-30,000858,13:56:42,103.4300,19,1
2026-03-30,000858,13:56:45,103.4200,4,2
2026-03-30,000858,13:56:48,103.4300,3,1
2026-03-30,000858,13:56:51,103.4300,4,1
2026-03-30,000858,13:56:54,103.4300,15,1
2026-03-30,000858,13:56:57,103.4300,25,1
2026-03-30,000858,13:57:00,103.4200,5,2
2026-03-30,000858,13:57:03,103.4200,16,2
2026-03-30,000858,13:57:06,103.4200,3,2
2026-03-30,000858,13:57:09,103.4300,43,1
2026-03-30,000858,13:57:12,103.4300,4,1
2026-03-30,000858,13:57:15,103.4200,7,2
2026-03-30,000858,13:57:21,103.4200,1,2
2026-03-30,000858,13:57:24,103.4200,2,2
2026-03-30,000858,13:57:27,103.4200,14,2
2026-03-30,000858,13:57:30,103.4200,6,2
2026-03-30,000858,13:57:33,103.4200,90,2
2026-03-30,000858,13:57:36,103.4100,75,2
2026-03-30,000858,13:57:39,103.4100,46,1
2026-03-30,000858,13:57:42,103.4000,2,2
2026-03-30,000858,13:57:45,103.4000,31,2
2026-03-30,000858,13:57:48,103.4000,6,2
2026-03-30,000858,13:57:54,103.4100,19,1
2026-03-30,000858,13:57:57,103.4100,3,4
2026-03-30,000858,13:58:00,103.4100,3,2
2026-03-30,000858,13:58:03,103.4000,1,2
2026-03-30,000858,13:58:06,103.4000,2,2
2026-03-30,000858,13:58:09,103.4000,3,2
2026-03-30,000858,13:58:12,103.4000,6,2
2026-03-30,000858,13:58:15,103.4000,3,2
2026-03-30,000858,13:58:18,103.4000,10,1
2026-03-30,000858,13:58:24,103.3900,3,2
2026-03-30,000858,13:58:27,103.4000,1,1
2026-03-30,000858,13:58:30,103.3900,2,2
2026-03-30,000858,13:58:33,103.4000,2,1
2026-03-30,000858,13:58:36,103.3900,2,2
2026-03-30,000858,13:58:42,103.3900,10,2
2026-03-30,000858,13:58:45,103.4000,2,1
2026-03-30,000858,13:58:48,103.3900,1,2
2026-03-30,000858,13:58:51,103.3900,6,2
2026-03-30,000858,13:58:54,103.3900,7,1
2026-03-30,000858,13:58:57,103.3800,2,2
2026-03-30,000858,13:59:00,103.3800,8,2
2026-03-30,000858,13:59:06,103.3900,5,1
2026-03-30,000858,13:59:09,103.4000,12,1
2026-03-30,000858,13:59:12,103.3800,2,2
2026-03-30,000858,13:59:15,103.3800,3,2
2026-03-30,000858,13:59:18,103.3800,2,2
2026-03-30,000858,13:59:21,103.3800,33,2
2026-03-30,000858,13:59:24,103.3800,2,2
2026-03-30,000858,13:59:30,103.3800,2,2
2026-03-30,000858,13:59:33,103.3800,30,2
2026-03-30,000858,13:59:36,103.3800,8,2
2026-03-30,000858,13:59:39,103.3800,6,2
2026-03-30,000858,13:59:42,103.3800,1,2
2026-03-30,000858,13:59:45,103.4000,3,1
2026-03-30,000858,13:59:48,103.3800,3,2
2026-03-30,000858,13:59:51,103.3900,10,4
2026-03-30,000858,13:59:54,103.4000,64,1
2026-03-30,000858,13:59:57,103.4000,20,2
2026-03-30,000858,14:00:00,103.4000,22,1
2026-03-30,000858,14:00:03,103.4000,57,1
2026-03-30,000858,14:00:06,103.4000,5,1
2026-03-30,000858,14:00:12,103.4000,2,2
2026-03-30,000858,14:00:15,103.4100,9,1
2026-03-30,000858,14:00:18,103.4100,1,2
2026-03-30,000858,14:00:21,103.3300,46,2
2026-03-30,000858,14:00:24,103.4100,3,1
2026-03-30,000858,14:00:30,103.3400,5,2
2026-03-30,000858,14:00:33,103.4000,2,1
2026-03-30,000858,14:00:36,103.4100,3,1
2026-03-30,000858,14:00:42,103.4000,1,1
2026-03-30,000858,14:00:45,103.4000,15,1
2026-03-30,000858,14:00:48,103.4000,5,1
2026-03-30,000858,14:00:51,103.4200,42,1
2026-03-30,000858,14:00:54,103.4100,6,1
2026-03-30,000858,14:00:57,103.4100,7,1
2026-03-30,000858,14:01:00,103.4100,3,1
2026-03-30,000858,14:01:03,103.4100,9,1
2026-03-30,000858,14:01:06,103.4100,3,1
2026-03-30,000858,14:01:09,103.4100,30,1
2026-03-30,000858,14:01:15,103.4100,5,1
2026-03-30,000858,14:01:18,103.4000,7,2
2026-03-30,000858,14:01:21,103.4000,7,2
2026-03-30,000858,14:01:27,103.4100,1,1
2026-03-30,000858,14:01:30,103.4100,2,1
2026-03-30,000858,14:01:33,103.4000,3,2
2026-03-30,000858,14:01:36,103.4100,1,1
2026-03-30,000858,14:01:42,103.4100,23,1
2026-03-30,000858,14:01:45,103.4000,3,2
2026-03-30,000858,14:01:48,103.4000,1,4
2026-03-30,000858,14:01:51,103.4000,2,2
2026-03-30,000858,14:01:54,103.4000,6,2
2026-03-30,000858,14:01:57,103.4100,2,1
2026-03-30,000858,14:02:00,103.4000,3,2
2026-03-30,000858,14:02:03,103.4000,50,4
2026-03-30,000858,14:02:06,103.4300,26,1
2026-03-30,000858,14:02:09,103.4400,208,1
2026-03-30,000858,14:02:12,103.4600,51,1
2026-03-30,000858,14:02:15,103.5000,41,1
2026-03-30,000858,14:02:18,103.4900,11,2
2026-03-30,000858,14:02:21,103.5000,83,1
2026-03-30,000858,14:02:24,103.4900,7,2
2026-03-30,000858,14:02:27,103.5000,104,1
2026-03-30,000858,14:02:30,103.5000,16,1
2026-03-30,000858,14:02:33,103.5000,48,1
2026-03-30,000858,14:02:36,103.5000,5,1
2026-03-30,000858,14:02:39,103.5000,91,1
2026-03-30,000858,14:02:42,103.5200,25,1
2026-03-30,000858,14:02:45,103.5400,8,1
2026-03-30,000858,14:02:48,103.5500,23,1
2026-03-30,000858,14:02:51,103.5300,41,2
2026-03-30,000858,10:45:18,102.7000,38,1
2026-03-30,000858,10:45:21,102.6900,9,2
2026-03-30,000858,10:45:24,102.6900,4,2
2026-03-30,000858,10:45:27,102.7000,17,1
2026-03-30,000858,10:45:30,102.7000,22,1
2026-03-30,000858,10:45:33,102.7000,7,2
2026-03-30,000858,10:45:36,102.7000,1,2
2026-03-30,000858,10:45:39,102.7200,4,1
2026-03-30,000858,10:45:45,102.7000,6,4
2026-03-30,000858,10:45:48,102.7000,5,2
2026-03-30,000858,10:45:51,102.7200,12,1
2026-03-30,000858,10:45:54,102.7300,9,1
2026-03-30,000858,10:45:57,102.7500,31,1
2026-03-30,000858,10:46:00,102.7500,31,2
2026-03-30,000858,10:46:03,102.7700,101,1
2026-03-30,000858,10:46:06,102.7900,55,1
2026-03-30,000858,10:46:09,102.7900,43,2
2026-03-30,000858,10:46:12,102.7900,67,2
2026-03-30,000858,10:46:15,102.8100,62,1
2026-03-30,000858,10:46:18,102.8200,48,1
2026-03-30,000858,10:46:21,102.8300,6,1
2026-03-30,000858,10:46:24,102.8300,5,1
2026-03-30,000858,10:46:27,102.8400,4,1
2026-03-30,000858,10:46:30,102.8300,15,2
2026-03-30,000858,10:46:33,102.8300,16,2
2026-03-30,000858,10:46:36,102.8300,16,2
2026-03-30,000858,10:46:39,102.9200,969,1
2026-03-30,000858,10:46:42,102.9700,151,1
2026-03-30,000858,10:46:45,102.9800,1444,1
2026-03-30,000858,10:46:48,103.1000,187,1
2026-03-30,000858,10:46:51,102.9800,67,2
2026-03-30,000858,10:46:54,103.0000,56,1
2026-03-30,000858,10:46:57,103.0000,14,2
2026-03-30,000858,10:47:00,103.0300,22,1
2026-03-30,000858,10:47:03,103.0500,197,2
2026-03-30,000858,10:47:06,103.1000,29,1
2026-03-30,000858,10:47:09,103.1100,18,1
2026-03-30,000858,10:47:12,103.1200,30,1
2026-03-30,000858,10:47:15,103.1200,44,1
2026-03-30,000858,10:47:18,103.1200,51,2
2026-03-30,000858,10:47:21,103.1200,82,2
2026-03-30,000858,10:47:24,103.1400,154,1
2026-03-30,000858,10:47:27,103.1400,47,1
2026-03-30,000858,10:47:30,103.1400,85,1
2026-03-30,000858,10:47:33,103.1600,51,1
2026-03-30,000858,10:47:36,103.1500,83,2
2026-03-30,000858,10:47:39,103.1400,56,2
2026-03-30,000858,10:47:42,103.1500,161,1
2026-03-30,000858,10:47:45,103.1300,18,4
2026-03-30,000858,10:47:48,103.1400,77,1
2026-03-30,000858,10:47:51,103.1500,94,1
2026-03-30,000858,10:47:54,103.1200,148,2
2026-03-30,000858,10:47:57,103.1300,37,1
2026-03-30,000858,10:48:00,103.1300,34,1
2026-03-30,000858,10:48:03,103.1300,74,2
2026-03-30,000858,10:48:06,103.1300,89,2
2026-03-30,000858,10:48:09,103.1300,220,1
2026-03-30,000858,10:48:12,103.1300,50,2
2026-03-30,000858,10:48:15,103.1300,17,1
2026-03-30,000858,10:48:18,103.1300,42,1
2026-03-30,000858,10:48:21,103.1300,20,1
2026-03-30,000858,10:48:24,103.1300,21,2
2026-03-30,000858,10:48:27,103.1200,12,2
2026-03-30,000858,10:48:30,103.1200,14,2
2026-03-30,000858,10:48:33,103.1200,22,2
2026-03-30,000858,10:48:36,103.1300,45,1
2026-03-30,000858,10:48:39,103.1500,27,1
2026-03-30,000858,10:48:42,103.1300,5,2
2026-03-30,000858,10:48:45,103.1400,12,1
2026-03-30,000858,10:48:48,103.1300,28,1
2026-03-30,000858,10:48:51,103.2000,364,1
2026-03-30,000858,10:48:54,103.2500,94,1
2026-03-30,000858,10:48:57,103.2500,33,1
2026-03-30,000858,10:49:00,103.2700,88,1
2026-03-30,000858,10:49:03,103.1300,208,2
2026-03-30,000858,10:49:06,103.2400,45,1
2026-03-30,000858,10:49:09,103.2000,15,2
2026-03-30,000858,10:49:12,103.2000,27,2
2026-03-30,000858,10:49:15,103.2100,28,2
2026-03-30,000858,10:49:18,103.2100,100,1
2026-03-30,000858,10:49:21,103.1800,22,2
2026-03-30,000858,10:49:24,103.1800,22,1
2026-03-30,000858,10:49:27,103.2000,22,1
2026-03-30,000858,10:49:30,103.2000,40,1
2026-03-30,000858,10:49:33,103.1700,36,2
2026-03-30,000858,10:49:36,103.1700,17,2
2026-03-30,000858,10:49:39,103.1800,21,2
2026-03-30,000858,10:49:42,103.2000,40,1
2026-03-30,000858,10:49:45,103.2000,15,1
2026-03-30,000858,10:49:48,103.1800,29,1
2026-03-30,000858,10:49:51,103.2000,84,1
2026-03-30,000858,10:49:54,103.1800,10,2
2026-03-30,000858,10:49:57,103.1800,37,2
2026-03-30,000858,10:50:00,103.1800,19,2
2026-03-30,000858,10:50:03,103.1800,39,2
2026-03-30,000858,10:50:06,103.2100,46,1
2026-03-30,000858,10:50:09,103.2500,255,1
2026-03-30,000858,10:50:12,103.2500,71,1
2026-03-30,000858,10:50:15,103.2400,86,2
2026-03-30,000858,10:50:18,103.2400,49,1
2026-03-30,000858,10:50:21,103.2500,58,1
2026-03-30,000858,10:50:24,103.2600,70,2
2026-03-30,000858,10:50:27,103.2700,90,1
2026-03-30,000858,10:50:30,103.2400,78,2
2026-03-30,000858,10:50:33,103.2400,49,2
2026-03-30,000858,10:50:36,103.2600,29,1
2026-03-30,000858,10:50:39,103.2600,11,1
2026-03-30,000858,10:50:42,103.2800,61,1
2026-03-30,000858,10:50:45,103.3000,467,1
2026-03-30,000858,10:50:48,103.3600,42,1
2026-03-30,000858,10:50:51,103.3700,73,1
2026-03-30,000858,10:50:54,103.3800,60,1
2026-03-30,000858,10:50:57,103.4100,126,1
2026-03-30,000858,10:51:00,103.4200,37,1
2026-03-30,000858,10:51:03,103.4200,84,2
2026-03-30,000858,10:51:06,103.4200,114,2
2026-03-30,000858,10:51:09,103.3900,132,2
2026-03-30,000858,10:51:12,103.4100,99,1
2026-03-30,000858,10:51:15,103.3900,46,2
2026-03-30,000858,10:51:18,103.3500,74,2
2026-03-30,000858,10:51:21,103.3700,170,1
2026-03-30,000858,10:51:24,103.3500,6,1
2026-03-30,000858,10:51:27,103.3500,10,1
2026-03-30,000858,10:51:30,103.3700,134,1
2026-03-30,000858,10:51:33,103.3100,55,2
2026-03-30,000858,10:51:36,103.4100,148,1
2026-03-30,000858,10:51:39,103.3400,103,2
2026-03-30,000858,10:51:42,103.4300,49,1
2026-03-30,000858,10:51:45,103.3900,44,1
2026-03-30,000858,10:51:48,103.4300,43,1
2026-03-30,000858,10:51:51,103.4000,91,2
2026-03-30,000858,10:51:54,103.4200,16,1
2026-03-30,000858,10:51:57,103.4100,63,4
2026-03-30,000858,10:52:00,103.4000,98,2
2026-03-30,000858,10:52:03,103.4300,105,1
2026-03-30,000858,10:52:06,103.4400,119,4
2026-03-30,000858,10:52:09,103.4400,125,4
2026-03-30,000858,10:52:12,103.4300,19,2
2026-03-30,000858,10:52:15,103.4400,87,4
2026-03-30,000858,10:52:18,103.4300,33,2
2026-03-30,000858,10:52:21,103.4500,91,1
2026-03-30,000858,10:52:24,103.4500,53,2
2026-03-30,000858,10:52:27,103.4500,21,2
2026-03-30,000858,10:52:30,103.4500,131,2
2026-03-30,000858,10:52:33,103.4400,15,2
2026-03-30,000858,10:52:36,103.4600,149,1
2026-03-30,000858,10:52:39,103.4600,21,2
2026-03-30,000858,10:52:42,103.4800,111,1
2026-03-30,000858,10:52:45,103.4900,66,1
2026-03-30,000858,10:52:48,103.4800,48,2
2026-03-30,000858,10:52:51,103.4800,54,2
2026-03-30,000858,10:52:54,103.3900,605,2
2026-03-30,000858,10:52:57,103.4600,36,1
2026-03-30,000858,10:53:00,103.4600,9,1
2026-03-30,000858,10:53:03,103.4500,19,2
2026-03-30,000858,10:53:06,103.4500,60,1
2026-03-30,000858,10:53:09,103.4600,23,1
2026-03-30,000858,10:53:12,103.4200,247,2
2026-03-30,000858,10:53:15,103.3700,19,2
2026-03-30,000858,10:53:18,103.3700,3,2
2026-03-30,000858,10:53:21,103.4200,19,1
2026-03-30,000858,10:53:24,103.3700,14,2
2026-03-30,000858,10:53:27,103.4000,11,1
2026-03-30,000858,10:53:30,103.4000,26,2
2026-03-30,000858,10:53:33,103.3700,27,2
2026-03-30,000858,10:53:36,103.3700,25,2
2026-03-30,000858,10:53:39,103.3300,18,2
2026-03-30,000858,10:53:42,103.3700,17,1
2026-03-30,000858,10:53:45,103.3200,14,2
2026-03-30,000858,10:53:48,103.3200,20,2
2026-03-30,000858,10:53:51,103.3300,70,2
2026-03-30,000858,10:53:54,103.3500,38,4
2026-03-30,000858,10:53:57,103.3600,14,1
2026-03-30,000858,10:54:00,103.3700,30,1
2026-03-30,000858,10:54:03,103.3600,6,2
2026-03-30,000858,10:54:06,103.3900,100,1
2026-03-30,000858,10:54:09,103.3700,21,2
2026-03-30,000858,10:54:12,103.4000,59,1
2026-03-30,000858,10:54:15,103.3700,7,2
2026-03-30,000858,10:54:18,103.3900,52,1
2026-03-30,000858,10:54:21,103.3900,46,2
2026-03-30,000858,10:54:24,103.4000,28,1
2026-03-30,000858,10:54:27,103.3900,24,2
2026-03-30,000858,10:54:30,103.4100,34,1
2026-03-30,000858,10:54:33,103.3900,16,2
2026-03-30,000858,10:54:36,103.4000,42,1
2026-03-30,000858,10:54:39,103.4100,46,1
2026-03-30,000858,10:54:42,103.4400,45,1
2026-03-30,000858,10:54:45,103.4300,62,2
2026-03-30,000858,10:54:48,103.4500,13,1
2026-03-30,000858,10:54:51,103.4300,59,2
2026-03-30,000858,10:54:54,103.4600,87,1
2026-03-30,000858,10:54:57,103.4600,31,2
2026-03-30,000858,10:55:00,103.4600,28,2
2026-03-30,000858,10:55:03,103.4400,55,2
2026-03-30,000858,10:55:06,103.4700,51,1
2026-03-30,000858,10:55:09,103.4600,114,1
2026-03-30,000858,10:55:12,103.4500,17,1
2026-03-30,000858,10:55:15,103.4500,28,1
2026-03-30,000858,10:55:18,103.4500,72,1
2026-03-30,000858,10:55:21,103.3600,18,2
2026-03-30,000858,10:55:24,103.4600,76,1
2026-03-30,000858,10:55:27,103.3500,28,2
2026-03-30,000858,10:55:30,103.3500,8,2
2026-03-30,000858,10:55:33,103.3400,10,2
2026-03-30,000858,10:55:36,103.3400,3,2
2026-03-30,000858,10:55:39,103.3300,22,2
2026-03-30,000858,10:55:42,103.3400,37,1
2026-03-30,000858,10:55:45,103.3100,29,2
2026-03-30,000858,10:55:48,103.3400,41,1
2026-03-30,000858,10:55:51,103.3300,39,2
2026-03-30,000858,10:55:54,103.3300,26,2
2026-03-30,000858,10:55:57,103.3000,38,2
2026-03-30,000858,10:56:00,103.3100,44,2
2026-03-30,000858,10:56:03,103.3100,9,2
2026-03-30,000858,10:56:06,103.3100,37,2
2026-03-30,000858,10:56:09,103.3400,45,1
2026-03-30,000858,10:56:12,103.3400,6,2
2026-03-30,000858,10:56:15,103.3700,33,1
2026-03-30,000858,10:56:18,103.3500,8,2
2026-03-30,000858,10:56:21,103.3600,4,4
2026-03-30,000858,10:56:24,103.3500,10,2
2026-03-30,000858,10:56:27,103.3500,6,1
2026-03-30,000858,10:56:30,103.3500,21,2
2026-03-30,000858,10:56:33,103.3500,42,2
2026-03-30,000858,10:56:36,103.3900,8,1
2026-03-30,000858,10:56:39,103.3900,42,4
2026-03-30,000858,10:56:42,103.3600,119,2
2026-03-30,000858,10:56:45,103.4500,70,1
2026-03-30,000858,10:56:48,103.4400,44,2
2026-03-30,000858,10:56:51,103.3900,23,2
2026-03-30,000858,10:56:54,103.4000,10,2
2026-03-30,000858,10:56:57,103.4000,5,2
2026-03-30,000858,10:57:00,103.4000,9,1
2026-03-30,000858,10:57:03,103.4000,7,2
2026-03-30,000858,10:57:06,103.4000,8,1
2026-03-30,000858,10:57:09,103.4200,14,1
2026-03-30,000858,10:57:12,103.3900,28,2
2026-03-30,000858,10:57:15,103.3600,68,2
2026-03-30,000858,10:57:18,103.3600,3,4
2026-03-30,000858,10:57:21,103.3500,43,2
2026-03-30,000858,10:57:24,103.3700,18,1
2026-03-30,000858,10:57:27,103.3600,1,2
2026-03-30,000858,10:57:30,103.3600,19,2
2026-03-30,000858,10:57:33,103.3700,13,2
2026-03-30,000858,10:57:36,103.3800,22,4
2026-03-30,000858,10:57:39,103.3600,69,2
2026-03-30,000858,10:57:42,103.3600,4,1
2026-03-30,000858,10:57:45,103.3600,17,1
2026-03-30,000858,10:57:48,103.3500,19,2
2026-03-30,000858,10:57:51,103.3500,47,2
2026-03-30,000858,10:57:54,103.3500,19,1
2026-03-30,000858,10:57:57,103.3400,9,2
2026-03-30,000858,10:58:00,103.3400,8,4
2026-03-30,000858,10:58:03,103.3400,8,2
2026-03-30,000858,10:58:06,103.3400,56,2
2026-03-30,000858,10:58:09,103.3500,18,1
2026-03-30,000858,10:58:12,103.3400,4,1
2026-03-30,000858,10:58:15,103.3100,70,2
2026-03-30,000858,10:58:18,103.3500,84,1
2026-03-30,000858,10:58:21,103.3600,32,4
2026-03-30,000858,10:58:24,103.3500,21,2
2026-03-30,000858,10:58:27,103.3300,3,2
2026-03-30,000858,10:58:30,103.3500,15,2
2026-03-30,000858,10:58:33,103.3500,16,2
2026-03-30,000858,10:58:36,103.3300,4,2
2026-03-30,000858,10:58:39,103.3500,6,1
2026-03-30,000858,10:58:42,103.3500,25,1
2026-03-30,000858,10:58:45,103.3300,16,2
2026-03-30,000858,10:58:48,103.3000,5,2
2026-03-30,000858,10:58:51,103.3400,8,1
2026-03-30,000858,10:58:54,103.3100,3,2
2026-03-30,000858,10:58:57,103.3100,10,1
2026-03-30,000858,10:59:00,103.3100,15,1
2026-03-30,000858,10:59:03,103.3000,15,2
2026-03-30,000858,10:59:06,103.3000,85,2
2026-03-30,000858,10:59:09,103.3000,29,1
2026-03-30,000858,10:59:12,103.3400,71,1
2026-03-30,000858,10:59:15,103.3500,73,1
2026-03-30,000858,10:59:18,103.3200,35,2
2026-03-30,000858,10:59:21,103.3200,10,2
2026-03-30,000858,10:59:24,103.3400,73,4
2026-03-30,000858,10:59:27,103.3300,18,2
2026-03-30,000858,10:59:30,103.3500,40,1
2026-03-30,000858,10:59:33,103.3500,21,2
2026-03-30,000858,10:59:36,103.3400,18,1
2026-03-30,000858,10:59:39,103.3400,47,2
2026-03-30,000858,10:59:42,103.3500,50,4
2026-03-30,000858,10:59:45,103.3300,12,2
2026-03-30,000858,10:59:48,103.3300,13,2
2026-03-30,000858,10:59:51,103.3400,14,1
2026-03-30,000858,10:59:54,103.3200,9,2
2026-03-30,000858,10:59:57,103.3200,22,2
2026-03-30,000858,11:00:00,103.3200,14,2
2026-03-30,000858,11:00:03,103.3200,14,2
2026-03-30,000858,11:00:06,103.3200,24,2
2026-03-30,000858,11:00:09,103.3200,25,2
2026-03-30,000858,11:00:12,103.3300,6,1
2026-03-30,000858,11:00:15,103.3300,21,2
2026-03-30,000858,11:00:18,103.3300,25,2
2026-03-30,000858,11:00:21,103.3300,15,1
2026-03-30,000858,11:00:24,103.3400,32,1
2026-03-30,000858,11:00:27,103.3300,47,2
2026-03-30,000858,11:00:30,103.3400,15,1
2026-03-30,000858,11:00:33,103.3700,52,1
2026-03-30,000858,11:00:36,103.3600,14,2
2026-03-30,000858,11:00:39,103.3700,39,1
2026-03-30,000858,11:00:42,103.3600,4,2
2026-03-30,000858,11:00:45,103.3500,20,2
2026-03-30,000858,11:00:48,103.3600,6,4
2026-03-30,000858,11:00:51,103.3700,10,1
2026-03-30,000858,11:00:54,103.3700,16,1
2026-03-30,000858,11:00:57,103.3700,3,2
2026-03-30,000858,11:01:00,103.3700,16,2
2026-03-30,000858,11:01:03,103.3800,5,1
2026-03-30,000858,11:01:06,103.3700,31,2
2026-03-30,000858,11:01:09,103.3700,13,2
2026-03-30,000858,11:01:12,103.3700,27,2
2026-03-30,000858,11:01:15,103.3700,17,2
2026-03-30,000858,11:01:18,103.3800,11,4
2026-03-30,000858,11:01:21,103.3700,17,2
2026-03-30,000858,11:01:24,103.3700,13,2
2026-03-30,000858,11:01:27,103.3800,7,2
2026-03-30,000858,11:01:30,103.3900,37,1
2026-03-30,000858,11:01:33,103.3800,5,2
2026-03-30,000858,11:01:36,103.3900,28,1
2026-03-30,000858,11:01:39,103.3900,18,2
2026-03-30,000858,11:01:42,103.3800,35,2
2026-03-30,000858,11:01:45,103.4000,15,1
2026-03-30,000858,11:01:48,103.3900,35,1
2026-03-30,000858,11:01:51,103.3900,21,2
2026-03-30,000858,11:01:54,103.3900,13,2
2026-03-30,000858,11:01:57,103.3900,87,2
2026-03-30,000858,11:02:00,103.4000,53,1
2026-03-30,000858,11:02:03,103.4200,15,1
2026-03-30,000858,11:02:06,103.4000,13,2
2026-03-30,000858,11:02:09,103.4000,14,2
2026-03-30,000858,11:02:12,103.4100,18,4
2026-03-30,000858,11:02:15,103.4100,9,1
2026-03-30,000858,11:02:18,103.4300,30,1
2026-03-30,000858,11:02:21,103.4500,104,1
2026-03-30,000858,11:02:24,103.4500,93,1
2026-03-30,000858,11:02:27,103.6300,2019,1
2026-03-30,000858,11:02:30,103.6100,172,2
2026-03-30,000858,11:02:33,103.5600,127,2
2026-03-30,000858,11:02:36,103.5500,23,2
2026-03-30,000858,11:02:39,103.5500,73,2
2026-03-30,000858,11:02:42,103.5700,17,1
2026-03-30,000858,11:02:45,103.5800,9,1
2026-03-30,000858,11:02:48,103.6100,41,1
2026-03-30,000858,11:02:51,103.6400,21,1
2026-03-30,000858,11:02:54,103.6300,25,1
2026-03-30,000858,11:02:57,103.6200,49,2
2026-03-30,000858,11:03:00,103.6200,36,2
2026-03-30,000858,11:03:03,103.6300,51,1
2026-03-30,000858,11:03:06,103.6400,26,1
2026-03-30,000858,11:03:09,103.6500,63,1
2026-03-30,000858,11:03:12,103.6600,52,1
2026-03-30,000858,11:03:15,103.6600,67,1
2026-03-30,000858,11:03:18,103.6500,75,1
2026-03-30,000858,11:03:21,103.6500,30,1
2026-03-30,000858,11:03:24,103.6600,123,1
2026-03-30,000858,11:03:27,103.6000,53,2
2026-03-30,000858,11:03:30,103.5800,64,2
2026-03-30,000858,11:03:33,103.5800,42,1
2026-03-30,000858,11:03:36,103.5800,22,1
2026-03-30,000858,11:03:39,103.5800,108,2
2026-03-30,000858,11:03:42,103.5800,60,2
2026-03-30,000858,11:03:45,103.5800,18,2
2026-03-30,000858,11:03:48,103.6200,28,1
2026-03-30,000858,11:03:51,103.6200,12,1
2026-03-30,000858,11:03:54,103.6400,84,1
2026-03-30,000858,11:03:57,103.6500,22,1
2026-03-30,000858,11:04:00,103.6100,9,1
2026-03-30,000858,11:04:03,103.6000,18,4
2026-03-30,000858,11:04:06,103.5900,21,2
2026-03-30,000858,11:04:09,103.6000,23,2
2026-03-30,000858,11:04:12,103.6000,24,2
2026-03-30,000858,11:04:15,103.6000,24,2
2026-03-30,000858,11:04:18,103.5900,39,2
2026-03-30,000858,11:04:21,103.5900,43,2
2026-03-30,000858,11:04:24,103.6000,82,1
2026-03-30,000858,11:04:27,103.5900,32,2
2026-03-30,000858,11:04:30,103.5900,34,2
2026-03-30,000858,11:04:33,103.6200,35,1
2026-03-30,000858,11:04:36,103.6200,112,2
2026-03-30,000858,11:04:39,103.6000,9,2
2026-03-30,000858,11:04:42,103.6000,41,2
2026-03-30,000858,11:04:45,103.6000,7,2
2026-03-30,000858,11:04:48,103.6000,13,2
2026-03-30,000858,11:04:51,103.6100,60,1
2026-03-30,000858,11:04:54,103.6800,519,1
2026-03-30,000858,11:04:57,103.6800,31,1
2026-03-30,000858,11:05:00,103.6400,101,2
2026-03-30,000858,11:05:03,103.7000,256,1
2026-03-30,000858,11:05:06,103.7000,55,2
2026-03-30,000858,11:05:09,103.7100,11,4
2026-03-30,000858,11:05:12,103.7300,81,1
2026-03-30,000858,11:05:15,103.7200,12,2
2026-03-30,000858,11:05:18,103.7300,133,1
2026-03-30,000858,11:05:21,103.7300,35,2
2026-03-30,000858,11:05:24,103.7200,133,2
2026-03-30,000858,11:05:27,103.7300,10,2
2026-03-30,000858,11:05:30,103.7300,26,2
2026-03-30,000858,11:05:33,103.7300,32,2
2026-03-30,000858,11:05:36,103.7300,27,2
2026-03-30,000858,11:05:39,103.7300,26,1
2026-03-30,000858,11:05:42,103.7200,9,2
2026-03-30,000858,11:05:45,103.7300,38,1
2026-03-30,000858,11:05:48,103.7300,32,2
2026-03-30,000858,11:05:51,103.7300,18,2
2026-03-30,000858,11:05:54,103.7400,15,4
2026-03-30,000858,11:05:57,103.7300,85,2
2026-03-30,000858,11:06:00,103.7400,26,2
2026-03-30,000858,11:06:03,103.7300,20,2
2026-03-30,000858,11:06:06,103.7400,28,1
2026-03-30,000858,11:06:09,103.7300,30,2
2026-03-30,000858,11:06:12,103.7400,23,1
2026-03-30,000858,11:06:15,103.7400,15,1
2026-03-30,000858,11:06:18,103.7400,16,2
2026-03-30,000858,11:06:21,103.7400,121,1
2026-03-30,000858,11:06:24,103.7400,55,1
2026-03-30,000858,11:06:27,103.7300,22,2
2026-03-30,000858,11:06:30,103.7300,18,2
2026-03-30,000858,11:06:33,103.7200,112,2
2026-03-30,000858,11:06:36,103.7300,88,1
2026-03-30,000858,11:06:39,103.7300,66,1
2026-03-30,000858,11:06:42,103.7300,65,2
2026-03-30,000858,11:06:45,103.7400,31,1
2026-03-30,000858,11:06:48,103.7400,65,1
2026-03-30,000858,11:06:51,103.7400,40,2
2026-03-30,000858,11:06:54,103.7600,527,1
2026-03-30,000858,11:06:57,103.7500,127,2
2026-03-30,000858,11:07:00,103.8200,57,1
2026-03-30,000858,11:07:03,103.8000,67,2
2026-03-30,000858,11:07:06,103.8000,19,2
2026-03-30,000858,11:07:09,103.8000,32,2
2026-03-30,000858,11:07:12,103.8000,104,2
2026-03-30,000858,11:07:15,103.8100,25,1
2026-03-30,000858,11:07:18,103.8200,48,1
2026-03-30,000858,11:07:21,103.8200,63,2
2026-03-30,000858,11:07:24,103.8200,27,2
2026-03-30,000858,11:07:27,103.8200,9,1
2026-03-30,000858,11:07:30,103.8100,21,2
2026-03-30,000858,11:07:33,103.8100,26,4
2026-03-30,000858,11:07:36,103.8200,48,1
2026-03-30,000858,11:07:39,103.8000,36,2
2026-03-30,000858,11:07:42,103.7800,29,2
2026-03-30,000858,11:07:45,103.7800,29,1
2026-03-30,000858,11:07:48,103.7700,5,2
2026-03-30,000858,11:07:51,103.7800,15,4
2026-03-30,000858,11:07:54,103.7600,7,2
2026-03-30,000858,11:07:57,103.8000,10,1
2026-03-30,000858,11:08:00,103.7800,15,1
2026-03-30,000858,11:08:03,103.7600,16,2
2026-03-30,000858,11:08:06,103.7800,88,1
2026-03-30,000858,11:08:09,103.7600,29,2
2026-03-30,000858,11:08:12,103.7700,20,2
2026-03-30,000858,11:08:15,103.7700,12,2
2026-03-30,000858,11:08:18,103.7600,30,2
2026-03-30,000858,11:08:21,103.7600,34,1
2026-03-30,000858,11:08:24,103.7600,66,1
2026-03-30,000858,11:08:27,103.7500,26,2
2026-03-30,000858,11:08:30,103.8000,41,1
2026-03-30,000858,11:08:33,103.7400,43,2
