date,code,time,price,volume,bs
2026-06-08,601012,14:07:06,12.4300,399,1
2026-06-08,601012,14:07:09,12.4200,292,2
2026-06-08,601012,14:07:12,12.4200,490,2
2026-06-08,601012,14:07:15,12.4200,514,2
2026-06-08,601012,14:07:18,12.4300,164,1
2026-06-08,601012,14:07:21,12.4300,104,1
2026-06-08,601012,14:07:24,12.4200,159,2
2026-06-08,601012,14:07:27,12.4300,159,1
2026-06-08,601012,14:07:30,12.4200,136,2
2026-06-08,601012,14:07:33,12.4200,145,2
2026-06-08,601012,14:07:36,12.4300,252,1
2026-06-08,601012,14:07:39,12.4300,96,1
2026-06-08,601012,14:07:42,12.4200,390,2
2026-06-08,601012,14:07:45,12.4300,1239,1
2026-06-08,601012,14:07:48,12.4300,186,1
2026-06-08,601012,14:07:51,12.4300,337,1
2026-06-08,601012,14:07:54,12.4300,119,1
2026-06-08,601012,14:07:57,12.4200,1539,2
2026-06-08,601012,14:08:00,12.4300,587,1
2026-06-08,601012,14:08:03,12.4200,513,2
2026-06-08,601012,14:08:06,12.4400,1930,1
2026-06-08,601012,14:08:09,12.4300,277,2
2026-06-08,601012,14:08:12,12.4400,39,1
2026-06-08,601012,14:08:15,12.4300,854,2
2026-06-08,601012,14:08:18,12.4300,1471,2
2026-06-08,601012,14:08:21,12.4400,151,1
2026-06-08,601012,14:08:24,12.4300,259,2
2026-06-08,601012,14:08:27,12.4300,123,2
2026-06-08,601012,14:08:30,12.4300,94,2
2026-06-08,601012,14:08:33,12.4400,196,1
2026-06-08,601012,14:08:36,12.4400,254,1
2026-06-08,601012,14:08:39,12.4400,558,1
2026-06-08,601012,14:08:42,12.4400,166,1
2026-06-08,601012,14:08:45,12.4300,160,2
2026-06-08,601012,14:08:48,12.4400,135,1
2026-06-08,601012,14:08:51,12.4400,104,1
2026-06-08,601012,14:08:54,12.4400,227,1
2026-06-08,601012,14:08:57,12.4300,216,2
2026-06-08,601012,14:09:00,12.4400,636,1
2026-06-08,601012,14:09:03,12.4300,150,2
2026-06-08,601012,14:09:06,12.4600,488,1
2026-06-08,601012,14:09:09,12.4600,153,1
2026-06-08,601012,14:09:12,12.4400,23,2
2026-06-08,601012,14:09:15,12.4600,127,1
2026-06-08,601012,14:09:18,12.4500,137,1
2026-06-08,601012,14:09:21,12.4600,79,1
2026-06-08,601012,14:09:24,12.4500,164,2
2026-06-08,601012,14:09:27,12.4600,56,1
2026-06-08,601012,14:09:30,12.4600,594,1
2026-06-08,601012,14:09:33,12.4500,231,2
2026-06-08,601012,14:09:36,12.4600,166,1
2026-06-08,601012,14:09:39,12.4600,110,1
2026-06-08,601012,14:09:42,12.4700,156,1
2026-06-08,601012,14:09:45,12.4600,128,2
2026-06-08,601012,14:09:48,12.4600,69,1
2026-06-08,601012,14:09:51,12.4600,205,1
2026-06-08,601012,14:09:54,12.4500,342,2
2026-06-08,601012,14:09:57,12.4500,123,1
2026-06-08,601012,14:10:00,12.4500,96,1
2026-06-08,601012,14:10:03,12.4500,93,1
2026-06-08,601012,14:10:06,12.4500,142,2
2026-06-08,601012,14:10:09,12.4600,219,1
2026-06-08,601012,14:10:12,12.4400,154,2
2026-06-08,601012,14:10:15,12.4400,199,2
2026-06-08,601012,14:10:18,12.4400,301,2
2026-06-08,601012,14:10:21,12.4400,250,2
2026-06-08,601012,14:10:24,12.4400,125,2
2026-06-08,601012,14:10:27,12.4300,105,2
2026-06-08,601012,14:10:30,12.4400,19,1
2026-06-08,601012,14:10:33,12.4400,186,1
2026-06-08,601012,14:10:36,12.4400,104,1
2026-06-08,601012,14:10:39,12.4400,84,1
2026-06-08,601012,14:10:42,12.4400,76,1
2026-06-08,601012,14:10:45,12.4400,153,1
2026-06-08,601012,14:10:48,12.4400,49,1
2026-06-08,601012,14:10:51,12.4300,198,2
2026-06-08,601012,14:10:54,12.4400,188,1
2026-06-08,601012,14:10:57,12.4400,62,1
2026-06-08,601012,14:11:00,12.4400,31,1
2026-06-08,601012,14:11:03,12.4400,138,1
2026-06-08,601012,14:11:06,12.4300,191,2
2026-06-08,601012,14:11:09,12.4300,110,2
2026-06-08,601012,14:11:12,12.4300,9,2
2026-06-08,601012,14:11:15,12.4300,71,2
2026-06-08,601012,14:11:18,12.4400,110,1
2026-06-08,601012,14:11:21,12.4400,109,1
2026-06-08,601012,14:11:24,12.4400,299,1
2026-06-08,601012,14:11:27,12.4400,79,1
2026-06-08,601012,14:11:30,12.4400,148,1
2026-06-08,601012,14:11:33,12.4400,132,1
2026-06-08,601012,14:11:36,12.4400,97,1
2026-06-08,601012,14:11:39,12.4400,54,1
2026-06-08,601012,14:11:42,12.4400,172,1
2026-06-08,601012,14:11:45,12.4400,162,1
2026-06-08,601012,14:11:48,12.4400,130,1
2026-06-08,601012,14:11:51,12.4400,36,1
2026-06-08,601012,14:11:54,12.4400,110,1
2026-06-08,601012,14:11:57,12.4400,2,1
2026-06-08,601012,14:12:00,12.4400,132,1
2026-06-08,601012,14:12:03,12.4400,158,1
2026-06-08,601012,14:12:06,12.4300,435,2
2026-06-08,601012,14:12:09,12.4300,199,1
2026-06-08,601012,14:12:12,12.4300,334,1
2026-06-08,601012,14:12:15,12.4300,139,1
2026-06-08,601012,14:12:18,12.4300,222,1
2026-06-08,601012,14:12:21,12.4200,104,2
2026-06-08,601012,14:12:24,12.4300,69,1
2026-06-08,601012,14:12:27,12.4300,272,1
2026-06-08,601012,14:12:30,12.4300,255,1
2026-06-08,601012,14:12:33,12.4200,108,2
2026-06-08,601012,14:12:36,12.4300,143,1
2026-06-08,601012,14:12:39,12.4200,238,2
2026-06-08,601012,14:12:42,12.4300,457,1
2026-06-08,601012,14:12:45,12.4200,293,2
2026-06-08,601012,14:12:48,12.4300,274,1
2026-06-08,601012,14:12:51,12.4200,195,2
2026-06-08,601012,14:12:54,12.4300,119,1
2026-06-08,601012,14:12:57,12.4200,96,2
2026-06-08,601012,14:13:00,12.4200,67,2
2026-06-08,601012,14:13:03,12.4200,153,1
2026-06-08,601012,14:13:06,12.4200,71,1
2026-06-08,601012,14:13:09,12.4100,206,2
2026-06-08,601012,14:13:12,12.4200,183,1
2026-06-08,601012,14:13:15,12.4200,72,1
2026-06-08,601012,14:13:18,12.4100,240,2
2026-06-08,601012,14:13:21,12.4100,180,2
2026-06-08,601012,14:13:24,12.4200,87,1
2026-06-08,601012,14:13:27,12.4200,338,1
2026-06-08,601012,14:13:30,12.4200,377,1
2026-06-08,601012,14:13:33,12.4200,387,1
2026-06-08,601012,14:13:36,12.4200,51,1
2026-06-08,601012,14:13:39,12.4100,101,2
2026-06-08,601012,14:13:42,12.4100,158,2
2026-06-08,601012,14:13:45,12.4200,400,1
2026-06-08,601012,14:13:48,12.4200,135,1
2026-06-08,601012,14:13:51,12.4100,105,2
2026-06-08,601012,14:13:54,12.4100,163,2
2026-06-08,601012,14:13:57,12.4100,259,2
2026-06-08,601012,14:14:00,12.4200,110,1
2026-06-08,601012,14:14:03,12.4100,253,2
2026-06-08,601012,14:14:06,12.4100,323,2
2026-06-08,601012,14:14:09,12.4100,136,2
2026-06-08,601012,14:14:12,12.4100,60,2
2026-06-08,601012,14:14:15,12.4200,225,1
2026-06-08,601012,14:14:18,12.4200,327,1
2026-06-08,601012,14:14:21,12.4200,135,1
2026-06-08,601012,14:14:24,12.4200,108,1
2026-06-08,601012,14:14:27,12.4100,463,2
2026-06-08,601012,14:14:30,12.4100,168,2
2026-06-08,601012,14:14:33,12.4100,78,1
2026-06-08,601012,14:14:36,12.4100,308,1
2026-06-08,601012,14:14:39,12.4000,156,2
2026-06-08,601012,14:14:42,12.4000,48,2
2026-06-08,601012,14:14:45,12.4100,292,1
2026-06-08,601012,14:14:48,12.4000,74,2
2026-06-08,601012,14:14:51,12.4100,168,1
2026-06-08,601012,14:14:54,12.4000,104,2
2026-06-08,601012,14:14:57,12.4000,259,2
2026-06-08,601012,14:15:00,12.4100,151,1
2026-06-08,601012,14:15:03,12.4000,119,2
2026-06-08,601012,14:15:06,12.4100,112,1
2026-06-08,601012,14:15:09,12.4100,2321,1
2026-06-08,601012,14:15:12,12.4100,344,2
2026-06-08,601012,14:15:15,12.4200,502,1
2026-06-08,601012,14:15:18,12.4200,202,1
2026-06-08,601012,14:15:21,12.4100,131,2
2026-06-08,601012,14:15:24,12.4200,305,1
2026-06-08,601012,14:15:27,12.4200,399,1
2026-06-08,601012,14:15:30,12.4200,335,2
2026-06-08,601012,14:15:33,12.4200,311,2
2026-06-08,601012,14:15:36,12.4200,360,2
2026-06-08,601012,14:15:39,12.4300,177,4
2026-06-08,601012,14:15:42,12.4400,78,1
2026-06-08,601012,14:15:45,12.4400,78,1
2026-06-08,601012,14:15:48,12.4300,273,2
2026-06-08,601012,14:15:51,12.4400,168,1
2026-06-08,601012,14:15:54,12.4400,24,2
2026-06-08,601012,14:15:57,12.4500,332,1
2026-06-08,601012,14:16:00,12.4500,249,1
2026-06-08,601012,14:16:03,12.4500,116,2
2026-06-08,601012,14:16:06,12.4500,141,2
2026-06-08,601012,14:16:09,12.4400,189,2
2026-06-08,601012,14:16:12,12.4500,45,1
2026-06-08,601012,14:16:15,12.4500,144,2
2026-06-08,601012,14:16:18,12.4500,127,1
2026-06-08,601012,14:16:21,12.4500,229,2
2026-06-08,601012,14:16:24,12.4500,10,2
2026-06-08,601012,14:16:27,12.4600,184,1
2026-06-08,601012,14:16:30,12.4600,128,1
2026-06-08,601012,14:16:33,12.4600,282,1
2026-06-08,601012,14:16:36,12.4700,154,1
2026-06-08,601012,14:16:39,12.4600,153,2
2026-06-08,601012,14:16:42,12.4700,49,1
2026-06-08,601012,14:16:45,12.4600,115,1
2026-06-08,601012,14:16:48,12.4600,25,2
2026-06-08,601012,14:16:51,12.4700,174,1
2026-06-08,601012,14:16:54,12.4700,72,1
2026-06-08,601012,14:16:57,12.4600,195,2
2026-06-08,601012,14:17:00,12.4700,259,1
2026-06-08,601012,14:17:03,12.4600,78,2
2026-06-08,601012,14:17:06,12.4600,160,2
2026-06-08,601012,14:17:09,12.4700,90,1
2026-06-08,601012,14:17:12,12.4700,78,1
2026-06-08,601012,14:17:15,12.4700,142,1
2026-06-08,601012,14:17:18,12.4700,50,1
2026-06-08,601012,14:17:21,12.4600,102,2
2026-06-08,601012,14:17:24,12.4700,415,1
2026-06-08,601012,14:17:27,12.4700,69,1
2026-06-08,601012,14:17:30,12.4700,326,1
2026-06-08,601012,14:17:33,12.4800,597,1
2026-06-08,601012,14:17:36,12.4800,198,1
2026-06-08,601012,14:17:39,12.4800,128,1
2026-06-08,601012,14:17:42,12.4800,334,1
2026-06-08,601012,14:17:45,12.4800,144,1
2026-06-08,601012,14:17:48,12.4800,128,1
2026-06-08,601012,14:17:51,12.4800,223,1
2026-06-08,601012,14:17:54,12.4800,347,1
2026-06-08,601012,14:17:57,12.4800,497,1
2026-06-08,601012,14:18:00,12.4800,74,1
2026-06-08,601012,14:18:03,12.4800,190,2
2026-06-08,601012,14:18:06,12.4900,119,1
2026-06-08,601012,14:18:09,12.4800,350,2
2026-06-08,601012,14:18:12,12.4900,100,1
2026-06-08,601012,14:18:15,12.4800,212,2
2026-06-08,601012,14:18:18,12.4900,92,1
2026-06-08,601012,14:18:21,12.4900,311,1
2026-06-08,601012,14:18:24,12.4800,203,2
2026-06-08,601012,14:18:27,12.4900,364,1
2026-06-08,601012,14:18:30,12.4900,577,1
2026-06-08,601012,14:18:33,12.4800,303,4
2026-06-08,601012,14:18:36,12.4700,106,2
2026-06-08,601012,14:18:39,12.4800,1318,1
2026-06-08,601012,14:18:42,12.4800,60,1
2026-06-08,601012,14:18:45,12.4800,301,1
2026-06-08,601012,14:18:48,12.4800,265,1
2026-06-08,601012,14:18:51,12.4800,453,1
2026-06-08,601012,14:18:54,12.4700,254,2
2026-06-08,601012,14:18:57,12.4700,64,1
2026-06-08,601012,14:19:00,12.4600,211,2
2026-06-08,601012,14:19:03,12.4600,61,2
2026-06-08,601012,14:19:06,12.4700,50,4
2026-06-08,601012,14:19:09,12.4700,90,2
2026-06-08,601012,14:19:12,12.4600,108,2
2026-06-08,601012,14:19:15,12.4600,134,2
2026-06-08,601012,14:19:18,12.4700,146,4
2026-06-08,601012,14:19:21,12.4800,183,1
2026-06-08,601012,14:19:24,12.4800,123,1
2026-06-08,601012,14:19:27,12.4700,213,2
2026-06-08,601012,14:19:30,12.4700,302,1
2026-06-08,601012,14:19:33,12.4700,70,4
2026-06-08,601012,14:19:36,12.4700,949,2
2026-06-08,601012,14:19:39,12.4700,74,2
2026-06-08,601012,14:19:42,12.4700,183,1
2026-06-08,601012,14:19:45,12.4700,62,4
2026-06-08,601012,14:19:48,12.4700,8,2
2026-06-08,601012,14:19:51,12.4700,122,2
2026-06-08,601012,14:19:54,12.4700,164,1
2026-06-08,601012,14:19:57,12.4800,17,1
2026-06-08,601012,14:20:00,12.4700,72,2
2026-06-08,601012,14:20:03,12.4800,79,1
2026-06-08,601012,14:20:06,12.4800,98,1
2026-06-08,601012,14:20:09,12.4800,278,1
2026-06-08,601012,14:20:12,12.4700,954,2
2026-06-08,601012,14:20:15,12.4800,184,1
2026-06-08,601012,14:20:18,12.4800,231,1
2026-06-08,601012,14:20:21,12.4800,207,1
2026-06-08,601012,14:20:24,12.4800,107,2
2026-06-08,601012,14:20:27,12.4800,153,1
2026-06-08,601012,14:20:30,12.4700,60,2
2026-06-08,601012,14:20:33,12.4800,57,1
2026-06-08,601012,14:20:36,12.4700,288,2
2026-06-08,601012,14:20:39,12.4800,105,1
2026-06-08,601012,14:20:42,12.4800,82,1
2026-06-08,601012,14:20:45,12.4800,192,1
2026-06-08,601012,14:20:48,12.4800,214,1
2026-06-08,601012,14:20:51,12.4800,114,1
2026-06-08,601012,14:20:54,12.4800,75,1
2026-06-08,601012,14:20:57,12.4900,185,1
2026-06-08,601012,14:21:00,12.4700,303,2
2026-06-08,601012,14:21:03,12.4800,560,1
2026-06-08,601012,14:21:06,12.4900,348,1
2026-06-08,601012,14:21:09,12.4900,104,1
2026-06-08,601012,14:21:12,12.4800,133,2
2026-06-08,601012,14:21:15,12.4900,166,1
2026-06-08,601012,14:21:18,12.4800,112,2
2026-06-08,601012,14:21:21,12.4900,34,1
2026-06-08,601012,14:21:24,12.4900,109,1
2026-06-08,601012,14:21:27,12.4900,83,1
2026-06-08,601012,14:21:30,12.4800,118,2
2026-06-08,601012,14:21:33,12.4800,291,2
2026-06-08,601012,14:21:36,12.4900,41,1
2026-06-08,601012,14:21:39,12.4900,346,1
2026-06-08,601012,14:21:42,12.4900,67,1
2026-06-08,601012,14:21:45,12.4900,3168,1
2026-06-08,601012,14:21:48,12.4900,104,2
2026-06-08,601012,14:21:51,12.4900,206,2
2026-06-08,601012,14:21:54,12.4900,157,2
2026-06-08,601012,14:21:57,12.5000,207,1
2026-06-08,601012,14:22:00,12.5000,63,1
2026-06-08,601012,14:22:03,12.5000,768,1
2026-06-08,601012,14:22:06,12.5000,224,1
2026-06-08,601012,14:22:09,12.5000,693,1
2026-06-08,601012,14:22:12,12.5100,136,1
2026-06-08,601012,14:22:15,12.5000,50,2
2026-06-08,601012,14:22:18,12.5000,142,2
2026-06-08,601012,14:22:21,12.5100,84,1
2026-06-08,601012,14:22:24,12.5000,193,2
2026-06-08,601012,14:22:27,12.5100,557,1
2026-06-08,601012,14:22:30,12.5100,268,1
2026-06-08,601012,14:22:33,12.5100,243,1
2026-06-08,601012,14:22:36,12.5100,168,2
2026-06-08,601012,14:22:39,12.5200,179,1
2026-06-08,601012,14:22:42,12.5200,269,1
2026-06-08,601012,14:22:45,12.5100,271,2
2026-06-08,601012,14:22:48,12.5100,92,2
2026-06-08,601012,14:22:51,12.5100,252,2
2026-06-08,601012,14:22:54,12.5100,186,2
2026-06-08,601012,14:22:57,12.5200,227,1
2026-06-08,601012,14:23:00,12.5100,238,2
2026-06-08,601012,14:23:03,12.5100,231,2
2026-06-08,601012,14:23:06,12.5200,170,1
2026-06-08,601012,14:23:09,12.5100,246,2
2026-06-08,601012,14:23:12,12.5200,156,1
2026-06-08,601012,14:23:15,12.5200,95,1
2026-06-08,601012,14:23:18,12.5200,141,1
2026-06-08,601012,14:23:21,12.5100,535,2
2026-06-08,601012,14:23:24,12.5100,444,2
2026-06-08,601012,14:23:27,12.5200,167,1
2026-06-08,601012,14:23:30,12.5200,174,1
2026-06-08,601012,14:23:33,12.5100,130,2
2026-06-08,601012,14:23:36,12.5200,239,1
2026-06-08,601012,14:23:39,12.5100,190,2
2026-06-08,601012,14:23:42,12.5100,272,2
2026-06-08,601012,14:23:45,12.5200,98,1
2026-06-08,601012,14:23:48,12.5100,191,2
2026-06-08,601012,14:23:51,12.5100,172,1
2026-06-08,601012,14:23:54,12.5100,80,1
2026-06-08,601012,14:23:57,12.5200,1292,1
2026-06-08,601012,14:24:00,12.5100,729,1
2026-06-08,601012,14:24:03,12.5100,234,1
2026-06-08,601012,14:24:06,12.5000,298,2
2026-06-08,601012,14:24:09,12.5000,92,2
2026-06-08,601012,14:24:12,12.5000,278,2
2026-06-08,601012,14:24:15,12.5000,120,1
2026-06-08,601012,14:24:18,12.5000,720,1
2026-06-08,601012,14:24:21,12.5000,181,1
2026-06-08,601012,14:24:24,12.5100,69,1
2026-06-08,601012,14:24:27,12.5100,120,1
2026-06-08,601012,14:24:30,12.5000,300,2
2026-06-08,601012,14:24:33,12.5000,288,2
2026-06-08,601012,14:24:36,12.5100,69,2
2026-06-08,601012,14:24:39,12.5000,290,2
2026-06-08,601012,14:24:42,12.5100,118,1
2026-06-08,601012,14:24:45,12.5100,52,1
2026-06-08,601012,14:24:48,12.5100,79,2
2026-06-08,601012,14:24:51,12.5100,168,2
2026-06-08,601012,14:24:54,12.5100,228,2
2026-06-08,601012,14:24:57,12.5200,67,1
2026-06-08,601012,14:25:00,12.5100,374,2
2026-06-08,601012,14:25:03,12.5400,1941,1
2026-06-08,601012,14:25:06,12.5300,194,2
2026-06-08,601012,14:25:09,12.5300,1,2
2026-06-08,601012,14:25:12,12.5300,103,2
2026-06-08,601012,14:25:15,12.5400,95,1
2026-06-08,601012,14:25:18,12.5300,58,2
2026-06-08,601012,14:25:21,12.5400,210,1
2026-06-08,601012,14:25:24,12.5400,165,1
2026-06-08,601012,14:25:27,12.5400,61,1
2026-06-08,601012,14:25:30,12.5400,283,1
2026-06-08,601012,14:25:33,12.5400,208,1
2026-06-08,601012,14:25:36,12.5400,322,1
2026-06-08,601012,14:25:39,12.5400,100,1
2026-06-08,601012,14:25:42,12.5400,187,2
2026-06-08,601012,14:25:45,12.5500,74,1
2026-06-08,601012,14:25:48,12.5500,97,1
2026-06-08,601012,14:25:51,12.5300,257,2
2026-06-08,601012,14:25:54,12.5500,98,1
2026-06-08,601012,14:25:57,12.5400,180,1
2026-06-08,601012,14:26:00,12.5300,715,2
2026-06-08,601012,14:26:03,12.5200,169,2
2026-06-08,601012,14:26:06,12.5300,29,1
2026-06-08,601012,14:26:09,12.5300,97,1
2026-06-08,601012,14:26:12,12.5300,254,1
2026-06-08,601012,14:26:15,12.5200,281,2
2026-06-08,601012,14:26:18,12.5300,60,1
2026-06-08,601012,14:26:21,12.5200,146,2
2026-06-08,601012,14:26:24,12.5200,118,4
2026-06-08,601012,14:26:27,12.5200,153,1
2026-06-08,601012,14:26:30,12.5200,115,1
2026-06-08,601012,14:26:33,12.5200,85,1
2026-06-08,601012,14:26:36,12.5200,82,1
2026-06-08,601012,14:26:39,12.5200,39,1
2026-06-08,601012,14:26:42,12.5200,136,1
2026-06-08,601012,14:26:45,12.5100,63,2
2026-06-08,601012,14:26:48,12.5200,255,1
2026-06-08,601012,14:26:51,12.5200,141,1
2026-06-08,601012,14:26:54,12.5200,291,1
2026-06-08,601012,14:26:57,12.5100,1011,2
2026-06-08,601012,14:27:00,12.5200,305,1
2026-06-08,601012,14:27:03,12.5200,309,1
2026-06-08,601012,14:27:06,12.5200,103,2
2026-06-08,601012,14:27:09,12.5200,45,1
2026-06-08,601012,14:27:12,12.5300,135,1
2026-06-08,601012,14:27:15,12.5200,65,2
2026-06-08,601012,14:27:18,12.5200,198,1
2026-06-08,601012,14:27:21,12.5200,55,1
2026-06-08,601012,14:27:24,12.5100,100,2
2026-06-08,601012,14:27:27,12.5200,167,1
2026-06-08,601012,14:27:30,12.5100,493,2
2026-06-08,601012,14:27:33,12.5100,141,1
2026-06-08,601012,14:27:36,12.5100,15,1
2026-06-08,601012,14:27:39,12.5100,150,1
2026-06-08,601012,14:27:42,12.5100,53,1
2026-06-08,601012,14:27:45,12.5000,116,2
2026-06-08,601012,14:27:48,12.5100,41,1
2026-06-08,601012,14:27:51,12.5100,333,1
2026-06-08,601012,14:27:54,12.5000,156,2
2026-06-08,601012,14:27:57,12.5100,17,1
2026-06-08,601012,14:28:00,12.5100,1,1
2026-06-08,601012,14:28:03,12.5000,1207,2
2026-06-08,601012,14:28:06,12.5000,320,2
2026-06-08,601012,14:28:09,12.5100,403,1
2026-06-08,601012,14:28:12,12.5100,109,1
2026-06-08,601012,14:28:15,12.5100,16,1
2026-06-08,601012,14:28:18,12.5100,203,1
2026-06-08,601012,14:28:21,12.5100,69,1
2026-06-08,601012,14:28:24,12.5100,17,1
2026-06-08,601012,14:28:27,12.5100,85,1
2026-06-08,601012,14:28:30,12.5000,136,2
2026-06-08,601012,14:28:33,12.5000,98,2
2026-06-08,601012,14:28:36,12.5000,406,2
2026-06-08,601012,14:28:39,12.5100,158,1
2026-06-08,601012,14:28:42,12.5100,246,1
2026-06-08,601012,14:28:45,12.5100,51,1
2026-06-08,601012,14:28:48,12.5000,113,2
2026-06-08,601012,14:28:51,12.5000,199,2
2026-06-08,601012,14:28:54,12.5100,230,1
2026-06-08,601012,14:28:57,12.5000,118,2
2026-06-08,601012,14:29:00,12.5000,247,2
2026-06-08,601012,14:29:03,12.5000,98,2
2026-06-08,601012,14:29:06,12.5100,131,1
2026-06-08,601012,14:29:09,12.5100,44,1
2026-06-08,601012,14:29:12,12.5000,190,2
2026-06-08,601012,14:29:15,12.5200,1301,1
2026-06-08,601012,14:29:18,12.5100,133,2
2026-06-08,601012,14:29:21,12.5200,182,1
2026-06-08,601012,14:29:24,12.5100,92,2
2026-06-08,601012,14:29:27,12.5100,87,2
2026-06-08,601012,14:29:30,12.5100,548,2
2026-06-08,601012,14:29:33,12.5200,40,1
2026-06-08,601012,14:29:36,12.5200,112,1
2026-06-08,601012,14:29:39,12.5100,33,2
2026-06-08,601012,14:29:42,12.5100,127,2
2026-06-08,601012,14:29:45,12.5300,449,1
2026-06-08,601012,14:29:48,12.5100,146,2
2026-06-08,601012,14:29:51,12.5200,63,1
2026-06-08,601012,14:29:54,12.5200,143,2
2026-06-08,601012,14:29:57,12.5300,142,1
2026-06-08,601012,14:30:00,12.5200,118,2
2026-06-08,601012,14:30:03,12.5200,156,2
2026-06-08,601012,14:30:06,12.5300,270,1
2026-06-08,601012,14:30:09,12.5300,473,1
2026-06-08,601012,14:30:12,12.5200,193,2
2026-06-08,601012,14:30:15,12.5200,111,2
2026-06-08,601012,14:30:18,12.5300,800,1
2026-06-08,601012,14:30:21,12.5300,293,1
2026-06-08,601012,14:30:24,12.5300,613,1
2026-06-08,601012,14:30:27,12.5200,499,2
2026-06-08,601012,14:30:30,12.5200,263,1
2026-06-08,601012,14:30:33,12.5100,220,2
2026-06-08,601012,14:30:36,12.5200,1151,1
2026-06-08,601012,14:30:39,12.5200,166,1
2026-06-08,601012,14:30:42,12.5100,129,2
2026-06-08,601012,14:30:45,12.5200,153,1
2026-06-08,601012,14:30:48,12.5100,22,4
2026-06-08,601012,14:30:51,12.5000,163,2
2026-06-08,601012,14:30:54,12.5200,525,1
2026-06-08,601012,14:30:57,12.5200,337,1
2026-06-08,601012,14:31:00,12.5100,475,2
2026-06-08,601012,14:31:03,12.5100,72,1
2026-06-08,601012,14:31:06,12.5100,244,1
2026-06-08,601012,14:31:09,12.5100,25,1
2026-06-08,601012,14:31:12,12.5000,109,2
2026-06-08,601012,14:31:15,12.5000,267,2
2026-06-08,601012,14:31:18,12.5000,123,2
2026-06-08,601012,14:31:21,12.5000,247,2
2026-06-08,601012,14:31:24,12.5000,4191,2
2026-06-08,601012,14:31:27,12.5000,86,2
2026-06-08,601012,14:31:30,12.5000,357,2
2026-06-08,601012,14:31:33,12.5100,122,1
2026-06-08,601012,14:31:36,12.5100,361,1
2026-06-08,601012,14:31:39,12.5000,224,2
2026-06-08,601012,14:31:42,12.5100,49,1
2026-06-08,601012,14:31:45,12.5000,140,2
2026-06-08,601012,14:31:48,12.5000,92,2
2026-06-08,601012,14:31:51,12.5100,96,1
2026-06-08,601012,14:31:54,12.5000,251,2
2026-06-08,601012,14:31:57,12.5100,112,1
2026-06-08,601012,14:32:00,12.5000,188,2
2026-06-08,601012,14:32:03,12.5000,108,1
2026-06-08,601012,14:32:06,12.5000,644,1
2026-06-08,601012,14:32:09,12.5100,122,1
2026-06-08,601012,14:32:12,12.5000,121,2
2026-06-08,601012,14:32:15,12.5000,443,2
2026-06-08,601012,14:32:18,12.5000,257,2
2026-06-08,601012,14:32:21,12.5000,163,2
2026-06-08,601012,14:32:24,12.5000,159,2
2026-06-08,601012,14:32:27,12.4900,122,2
2026-06-08,601012,14:32:30,12.4900,123,2
2026-06-08,601012,14:32:33,12.5000,256,1
2026-06-08,601012,14:32:36,12.4900,55,2
2026-06-08,601012,14:32:39,12.5000,102,1
2026-06-08,601012,14:32:42,12.4900,124,2
2026-06-08,601012,14:32:45,12.4900,207,2
2026-06-08,601012,14:32:48,12.5000,24,1
2026-06-08,601012,14:32:51,12.5000,180,1
2026-06-08,601012,14:32:54,12.5000,110,1
2026-06-08,601012,14:32:57,12.5000,155,1
2026-06-08,601012,14:33:00,12.5100,1715,1
2026-06-08,601012,14:33:03,12.5100,1028,1
2026-06-08,601012,14:33:06,12.5100,449,1
2026-06-08,601012,14:33:09,12.5100,136,1
2026-06-08,601012,14:33:12,12.5100,65,2
2026-06-08,601012,14:33:15,12.5100,191,2
2026-06-08,601012,14:33:18,12.5100,180,1
2026-06-08,601012,14:33:21,12.5100,150,1
2026-06-08,601012,14:33:24,12.5100,254,1
2026-06-08,601012,14:33:27,12.5100,67,1
2026-06-08,601012,14:33:30,12.5000,992,2
2026-06-08,601012,14:33:33,12.5000,1378,2
2026-06-08,601012,14:33:36,12.5000,208,1
2026-06-08,601012,14:33:39,12.5000,314,1
2026-06-08,601012,14:33:42,12.5000,102,2
2026-06-08,601012,14:33:45,12.4900,258,2
2026-06-08,601012,14:33:48,12.5000,159,1
2026-06-08,601012,14:33:51,12.5000,167,1
2026-06-08,601012,14:33:54,12.5000,228,1
2026-06-08,601012,14:33:57,12.4900,397,2
2026-06-08,601012,14:34:00,12.4900,114,2
2026-06-08,601012,14:34:03,12.4900,168,2
2026-06-08,601012,14:34:06,12.4900,271,2
2026-06-08,601012,14:34:09,12.4900,165,2
2026-06-08,601012,14:34:12,12.4800,140,2
2026-06-08,601012,14:34:15,12.4800,132,2
2026-06-08,601012,14:34:18,12.4800,130,2
2026-06-08,601012,14:34:21,12.4800,146,2
2026-06-08,601012,14:34:24,12.4800,330,2
2026-06-08,601012,14:34:27,12.4900,558,1
2026-06-08,601012,14:34:30,12.4800,453,2
2026-06-08,601012,14:34:33,12.4900,395,1
2026-06-08,601012,14:34:36,12.4800,544,4
2026-06-08,601012,14:34:39,12.4800,106,1
2026-06-08,601012,14:34:42,12.4800,280,1
2026-06-08,601012,14:34:45,12.4800,916,1
2026-06-08,601012,14:34:48,12.4900,263,1
2026-06-08,601012,14:34:51,12.4800,120,2
2026-06-08,601012,14:34:54,12.4900,141,1
2026-06-08,601012,14:34:57,12.4800,182,2
2026-06-08,601012,14:35:00,12.4800,84,1
2026-06-08,601012,14:35:03,12.4800,79,1
2026-06-08,601012,14:35:06,12.4800,258,1
2026-06-08,601012,14:35:09,12.4800,110,1
2026-06-08,601012,14:35:12,12.4800,228,1
2026-06-08,601012,14:35:15,12.4700,734,2
2026-06-08,601012,14:35:18,12.4700,73,2
2026-06-08,601012,14:35:21,12.4700,524,2
2026-06-08,601012,14:35:24,12.4800,72,1
2026-06-08,601012,14:35:27,12.4800,346,1
2026-06-08,601012,14:35:30,12.4700,47,2
2026-06-08,601012,14:35:33,12.4700,108,2
2026-06-08,601012,14:35:36,12.4800,139,1
2026-06-08,601012,14:35:39,12.4800,126,1
2026-06-08,601012,14:35:42,12.4800,129,1
2026-06-08,601012,14:35:45,12.4700,427,2
2026-06-08,601012,14:35:48,12.4800,79,1
2026-06-08,601012,14:35:51,12.4800,190,1
2026-06-08,601012,14:35:54,12.4700,131,2
2026-06-08,601012,14:35:57,12.4800,39,1
2026-06-08,601012,14:36:00,12.4700,159,2
2026-06-08,601012,14:36:03,12.4800,444,1
2026-06-08,601012,14:36:06,12.4800,131,1
2026-06-08,601012,14:36:09,12.4800,266,2
2026-06-08,601012,14:36:12,12.4800,93,1
2026-06-08,601012,14:36:15,12.4700,35,2
2026-06-08,601012,14:36:18,12.4800,118,1
2026-06-08,601012,14:36:21,12.4700,1414,2
2026-06-08,601012,14:36:24,12.4700,105,2
2026-06-08,601012,14:36:27,12.4700,110,2
2026-06-08,601012,14:36:30,12.4700,225,2
2026-06-08,601012,14:36:33,12.4800,192,1
2026-06-08,601012,14:36:36,12.4700,178,2
2026-06-08,601012,14:36:39,12.4700,179,2
2026-06-08,601012,14:36:42,12.4700,483,2
2026-06-08,601012,14:36:45,12.4800,283,1
2026-06-08,601012,14:36:48,12.4700,295,2
2026-06-08,601012,14:36:51,12.4700,263,1
2026-06-08,601012,14:36:54,12.4700,249,2
2026-06-08,601012,14:36:57,12.4700,67,2
2026-06-08,601012,14:37:00,12.4700,137,2
2026-06-08,601012,14:37:03,12.4700,126,2
2026-06-08,601012,14:37:06,12.4800,73,1
2026-06-08,601012,14:37:09,12.4700,131,2
2026-06-08,601012,14:37:12,12.4700,518,2
2026-06-08,601012,14:37:15,12.4700,368,2
2026-06-08,601012,14:37:18,12.4700,107,1
2026-06-08,601012,14:37:21,12.4600,128,2
2026-06-08,601012,14:37:24,12.4700,33,1
2026-06-08,601012,14:37:27,12.4700,252,2
2026-06-08,601012,14:37:30,12.4600,35,2
2026-06-08,601012,14:37:33,12.4700,129,1
2026-06-08,601012,14:37:36,12.4700,183,1
2026-06-08,601012,14:37:39,12.4600,103,2
2026-06-08,601012,14:37:42,12.4600,95,2
2026-06-08,601012,14:37:45,12.4600,700,2
2026-06-08,601012,14:37:48,12.4600,742,2
2026-06-08,601012,14:37:51,12.4600,90,1
2026-06-08,601012,14:37:54,12.4600,103,1
2026-06-08,601012,14:37:57,12.4600,209,1
2026-06-08,601012,14:38:00,12.4500,136,2
2026-06-08,601012,14:38:03,12.4600,154,1
2026-06-08,601012,14:38:06,12.4600,368,1
2026-06-08,601012,14:38:09,12.4600,48,1
2026-06-08,601012,14:38:12,12.4600,630,1
2026-06-08,601012,14:38:15,12.4500,267,2
2026-06-08,601012,14:38:18,12.4500,1917,2
2026-06-08,601012,14:38:21,12.4500,126,1
2026-06-08,601012,14:38:24,12.4500,508,1
2026-06-08,601012,14:38:27,12.4400,226,2
2026-06-08,601012,14:38:30,12.4400,222,2
2026-06-08,601012,14:38:33,12.4400,113,1
2026-06-08,601012,14:38:36,12.4300,221,2
2026-06-08,601012,14:38:39,12.4400,142,1
2026-06-08,601012,14:38:42,12.4300,110,2
2026-06-08,601012,14:38:45,12.4400,1455,1
2026-06-08,601012,14:38:48,12.4500,562,1
2026-06-08,601012,14:38:51,12.4500,63,1
2026-06-08,601012,14:38:54,12.4400,243,2
2026-06-08,601012,14:38:57,12.4400,47,1
2026-06-08,601012,14:39:00,12.4300,134,2
2026-06-08,601012,14:39:03,12.4300,445,2
2026-06-08,601012,14:39:06,12.4400,126,1
2026-06-08,601012,14:39:09,12.4300,118,2
2026-06-08,601012,14:39:12,12.4400,64,1
2026-06-08,601012,14:39:15,12.4300,154,2
2026-06-08,601012,14:39:18,12.4500,237,1
2026-06-08,601012,14:39:21,12.4400,112,2
2026-06-08,601012,14:39:24,12.4400,31,2
2026-06-08,601012,14:39:27,12.4500,164,1
2026-06-08,601012,14:39:30,12.4400,39,2
2026-06-08,601012,14:39:33,12.4400,292,2
2026-06-08,601012,14:39:36,12.4500,438,1
2026-06-08,601012,14:39:39,12.4500,361,1
2026-06-08,601012,14:39:42,12.4500,157,1
2026-06-08,601012,14:39:45,12.4500,197,1
2026-06-08,601012,14:39:48,12.4400,131,2
2026-06-08,601012,14:39:51,12.4500,284,1
2026-06-08,601012,14:39:55,12.4500,40,1
2026-06-08,601012,14:39:57,12.4500,182,1
2026-06-08,601012,14:40:00,12.4400,42,2
2026-06-08,601012,14:40:03,12.4500,171,1
2026-06-08,601012,14:40:06,12.4500,225,1
2026-06-08,601012,14:40:09,12.4500,33,1
2026-06-08,601012,14:40:12,12.4500,150,1
2026-06-08,601012,14:40:15,12.4400,709,2
2026-06-08,601012,14:40:18,12.4500,24,1
2026-06-08,601012,14:40:21,12.4500,84,1
2026-06-08,601012,14:40:24,12.4500,505,1
2026-06-08,601012,14:40:27,12.4500,63,1
2026-06-08,601012,14:40:30,12.4400,190,2
2026-06-08,601012,14:40:33,12.4500,24,1
2026-06-08,601012,14:40:36,12.4500,100,1
2026-06-08,601012,14:40:39,12.4400,242,2
2026-06-08,601012,14:40:42,12.4400,364,2
2026-06-08,601012,14:40:45,12.4400,152,2
2026-06-08,601012,14:40:48,12.4500,304,1
2026-06-08,601012,14:40:51,12.4400,228,2
2026-06-08,601012,14:40:54,12.4400,160,2
2026-06-08,601012,14:40:57,12.4400,157,2
2026-06-08,601012,14:41:00,12.4300,223,2
2026-06-08,601012,14:41:03,12.4500,374,1
2026-06-08,601012,14:41:06,12.4400,90,2
2026-06-08,601012,14:41:09,12.4400,837,2
2026-06-08,601012,14:41:12,12.4500,384,1
2026-06-08,601012,14:41:15,12.4500,210,1
2026-06-08,601012,14:41:18,12.4400,199,2
2026-06-08,601012,14:41:21,12.4500,101,1
2026-06-08,601012,14:41:24,12.4400,79,2
2026-06-08,601012,14:41:27,12.4500,53,1
2026-06-08,601012,14:41:30,12.4400,184,2
2026-06-08,601012,14:41:33,12.4500,161,1
2026-06-08,601012,14:41:36,12.4400,173,2
2026-06-08,601012,14:41:39,12.4400,95,2
2026-06-08,601012,14:41:42,12.4500,224,1
2026-06-08,601012,14:41:45,12.4400,108,2
2026-06-08,601012,14:41:48,12.4500,51,1
2026-06-08,601012,14:41:51,12.4500,241,1
2026-06-08,601012,14:41:54,12.4500,568,1
2026-06-08,601012,14:41:57,12.4500,333,1
2026-06-08,601012,14:42:00,12.4500,342,1
2026-06-08,601012,14:42:03,12.4600,380,1
2026-06-08,601012,14:42:06,12.4500,263,2
2026-06-08,601012,14:42:09,12.4500,140,1
2026-06-08,601012,14:42:12,12.4500,91,1
2026-06-08,601012,14:42:15,12.4500,155,1
2026-06-08,601012,14:42:18,12.4600,382,1
2026-06-08,601012,14:42:21,12.4600,299,1
2026-06-08,601012,14:42:24,12.4500,149,2
2026-06-08,601012,14:42:27,12.4600,134,1
2026-06-08,601012,14:42:30,12.4500,60,2
2026-06-08,601012,14:42:33,12.4600,42,1
2026-06-08,601012,14:42:36,12.4600,561,1
2026-06-08,601012,14:42:39,12.4600,406,1
2026-06-08,601012,14:42:42,12.4500,59,2
2026-06-08,601012,14:42:45,12.4400,142,2
2026-06-08,601012,14:42:48,12.4600,200,1
2026-06-08,601012,14:42:51,12.4500,98,2
2026-06-08,601012,14:42:54,12.4600,155,2
2026-06-08,601012,14:42:57,12.4600,115,4
2026-06-08,601012,14:43:00,12.4500,107,2
2026-06-08,601012,14:43:03,12.4600,295,1
2026-06-08,601012,14:43:06,12.4700,1128,1
2026-06-08,601012,14:43:09,12.4700,159,1
2026-06-08,601012,14:43:12,12.4700,184,1
2026-06-08,601012,14:43:15,12.4600,223,2
2026-06-08,601012,14:43:18,12.4600,133,2
2026-06-08,601012,14:43:21,12.4700,208,1
2026-06-08,601012,14:43:24,12.4700,32,1
2026-06-08,601012,14:43:27,12.4700,121,1
2026-06-08,601012,14:43:30,12.4600,139,2
2026-06-08,601012,14:43:33,12.4600,261,2
2026-06-08,601012,14:43:36,12.4700,365,1
2026-06-08,601012,14:43:39,12.4700,113,1
2026-06-08,601012,14:43:42,12.4700,164,1
2026-06-08,601012,14:43:45,12.4600,124,2
2026-06-08,601012,14:43:48,12.4700,190,1
2026-06-08,601012,14:43:51,12.4700,200,1
2026-06-08,601012,14:43:54,12.4700,89,1
2026-06-08,601012,14:43:57,12.4700,75,1
2026-06-08,601012,14:44:00,12.4600,365,2
2026-06-08,601012,14:44:03,12.4600,164,2
2026-06-08,601012,14:44:06,12.4700,188,1
2026-06-08,601012,14:44:09,12.4600,869,2
2026-06-08,601012,14:44:12,12.4600,172,1
2026-06-08,601012,14:44:15,12.4600,75,1
2026-06-08,601012,14:44:18,12.4600,196,1
2026-06-08,601012,14:44:21,12.4600,230,1
2026-06-08,601012,14:44:24,12.4600,177,1
2026-06-08,601012,14:44:27,12.4600,72,1
2026-06-08,601012,14:44:30,12.4500,165,2
2026-06-08,601012,14:44:33,12.4500,29,2
2026-06-08,601012,14:44:36,12.4600,117,1
2026-06-08,601012,14:44:39,12.4600,338,1
2026-06-08,601012,14:44:42,12.4600,331,1
2026-06-08,601012,14:44:45,12.4500,61,2
2026-06-08,601012,14:44:48,12.4600,93,1
2026-06-08,601012,14:44:51,12.4500,159,2
2026-06-08,601012,14:44:54,12.4600,204,1
2026-06-08,601012,14:44:57,12.4500,608,2
2026-06-08,601012,14:45:00,12.4700,299,1
2026-06-08,601012,14:45:03,12.4700,942,1
2026-06-08,601012,14:45:06,12.4800,1334,1
2026-06-08,601012,14:45:09,12.4700,106,4
2026-06-08,601012,14:45:12,12.4800,85,1
2026-06-08,601012,14:45:15,12.4800,98,1
2026-06-08,601012,14:45:18,12.4800,110,1
2026-06-08,601012,14:45:21,12.4800,446,1
2026-06-08,601012,14:45:24,12.4900,108,1
2026-06-08,601012,14:45:27,12.4800,72,2
2026-06-08,601012,14:45:30,12.4900,368,1
2026-06-08,601012,14:45:33,12.4900,163,1
2026-06-08,601012,14:45:36,12.4900,558,1
2026-06-08,601012,14:45:39,12.4900,21,1
2026-06-08,601012,14:45:42,12.4900,173,1
2026-06-08,601012,14:45:45,12.4900,309,1
2026-06-08,601012,14:45:48,12.4900,207,1
2026-06-08,601012,14:45:51,12.4800,313,2
2026-06-08,601012,14:45:54,12.4800,320,2
2026-06-08,601012,14:45:57,12.4900,511,1
2026-06-08,601012,14:46:00,12.4900,309,1
2026-06-08,601012,14:46:03,12.4900,328,1
2026-06-08,601012,14:46:06,12.4900,188,2
2026-06-08,601012,14:46:09,12.4800,160,2
2026-06-08,601012,14:46:12,12.4900,346,1
2026-06-08,601012,14:46:15,12.4800,443,2
2026-06-08,601012,14:46:18,12.4900,197,1
2026-06-08,601012,14:46:21,12.4800,216,2
2026-06-08,601012,14:46:24,12.4800,516,2
2026-06-08,601012,14:46:27,12.4900,121,1
2026-06-08,601012,14:46:30,12.4800,220,2
2026-06-08,601012,14:46:33,12.4900,487,1
2026-06-08,601012,14:46:36,12.4800,135,2
2026-06-08,601012,14:46:39,12.4900,150,1
2026-06-08,601012,14:46:42,12.4900,272,1
2026-06-08,601012,14:46:45,12.4900,170,2
2026-06-08,601012,14:46:48,12.4900,96,1
2026-06-08,601012,14:46:51,12.4900,266,2
2026-06-08,601012,14:46:54,12.4900,443,1
2026-06-08,601012,14:46:57,12.5000,404,1
2026-06-08,601012,14:47:00,12.4800,128,2
2026-06-08,601012,14:47:03,12.4900,489,2
2026-06-08,601012,14:47:06,12.4900,276,2
2026-06-08,601012,14:47:09,12.4900,277,2
2026-06-08,601012,14:47:12,12.4900,183,2
2026-06-08,601012,14:47:15,12.4800,433,2
2026-06-08,601012,14:47:18,12.4900,492,1
2026-06-08,601012,14:47:21,12.4800,365,2
2026-06-08,601012,14:47:24,12.4700,720,2
2026-06-08,601012,14:47:27,12.4700,156,2
2026-06-08,601012,14:47:30,12.4600,494,2
2026-06-08,601012,14:47:33,12.4800,151,1
2026-06-08,601012,14:47:36,12.4700,353,2
2026-06-08,601012,14:47:39,12.4800,40,1
2026-06-08,601012,14:47:42,12.4600,313,2
2026-06-08,601012,14:47:45,12.4700,121,1
2026-06-08,601012,14:47:48,12.4700,160,1
2026-06-08,601012,14:47:51,12.4700,157,1
2026-06-08,601012,14:47:54,12.4700,92,1
2026-06-08,601012,14:47:57,12.4700,139,1
2026-06-08,601012,14:48:00,12.4600,167,2
2026-06-08,601012,14:48:03,12.4700,36,1
2026-06-08,601012,14:48:06,12.4600,262,2
2026-06-08,601012,14:48:09,12.4600,81,2
2026-06-08,601012,14:48:12,12.4600,244,2
2026-06-08,601012,14:48:15,12.4600,159,2
2026-06-08,601012,14:48:18,12.4700,119,1
2026-06-08,601012,14:48:21,12.4700,235,1
2026-06-08,601012,14:48:24,12.4600,308,2
2026-06-08,601012,14:48:27,12.4700,253,1
2026-06-08,601012,14:48:30,12.4500,669,2
2026-06-08,601012,14:48:33,12.4600,104,1
2026-06-08,601012,14:48:36,12.4600,278,1
2026-06-08,601012,14:48:39,12.4600,114,1
2026-06-08,601012,14:48:42,12.4600,242,1
2026-06-08,601012,14:48:45,12.4500,641,2
2026-06-08,601012,14:48:48,12.4600,116,4
2026-06-08,601012,14:48:51,12.4500,324,2
2026-06-08,601012,14:48:54,12.4600,215,1
2026-06-08,601012,14:48:57,12.4500,286,2
2026-06-08,601012,14:49:00,12.4500,218,2
2026-06-08,601012,14:49:03,12.4600,89,1
2026-06-08,601012,14:49:06,12.4500,258,2
2026-06-08,601012,14:49:09,12.4500,398,2
2026-06-08,601012,14:49:12,12.4600,371,1
2026-06-08,601012,14:49:15,12.4600,189,4
2026-06-08,601012,14:49:18,12.4600,213,2
2026-06-08,601012,14:49:21,12.4500,121,2
2026-06-08,601012,14:49:24,12.4600,64,1
2026-06-08,601012,14:49:27,12.4500,132,2
2026-06-08,601012,14:49:30,12.4500,120,2
2026-06-08,601012,14:49:33,12.4600,193,1
2026-06-08,601012,14:49:36,12.4500,153,2
2026-06-08,601012,14:49:39,12.4600,168,1
2026-06-08,601012,14:49:42,12.4600,137,1
2026-06-08,601012,14:49:45,12.4500,302,2
2026-06-08,601012,14:49:48,12.4500,219,2
2026-06-08,601012,14:49:51,12.4600,66,1
2026-06-08,601012,14:49:54,12.4600,286,1
2026-06-08,601012,14:49:57,12.4600,786,1
2026-06-08,601012,14:50:00,12.4600,494,1
2026-06-08,601012,14:50:03,12.4600,736,1
2026-06-08,601012,14:50:06,12.4500,519,2
2026-06-08,601012,14:50:09,12.4500,728,1
2026-06-08,601012,14:50:12,12.4500,190,1
2026-06-08,601012,14:50:15,12.4400,146,2
2026-06-08,601012,14:50:18,12.4500,114,1
2026-06-08,601012,14:50:21,12.4500,578,1
2026-06-08,601012,14:50:24,12.4500,99,2
2026-06-08,601012,14:50:27,12.4400,1044,2
2026-06-08,601012,14:50:30,12.4400,324,2
2026-06-08,601012,14:50:33,12.4400,255,2
2026-06-08,601012,14:50:36,12.4500,1175,1
2026-06-08,601012,14:50:39,12.4400,71,2
2026-06-08,601012,14:50:42,12.4400,148,2
2026-06-08,601012,14:50:45,12.4500,277,1
2026-06-08,601012,14:50:48,12.4400,401,2
2026-06-08,601012,14:50:51,12.4400,395,2
2026-06-08,601012,14:50:54,12.4400,246,2
2026-06-08,601012,14:50:57,12.4500,318,1
2026-06-08,601012,14:51:00,12.4400,1773,2
2026-06-08,601012,14:51:03,12.4500,227,1
2026-06-08,601012,14:51:06,12.4500,324,1
2026-06-08,601012,14:51:09,12.4400,262,2
2026-06-08,601012,14:51:12,12.4300,192,2
2026-06-08,601012,14:51:15,12.4400,265,1
2026-06-08,601012,14:51:18,12.4400,212,1
2026-06-08,601012,14:51:21,12.4300,843,2
2026-06-08,601012,14:51:24,12.4300,163,2
2026-06-08,601012,14:51:27,12.4400,390,1
2026-06-08,601012,14:51:30,12.4300,73,2
2026-06-08,601012,14:51:33,12.4300,228,2
2026-06-08,601012,14:51:36,12.4300,275,2
2026-06-08,601012,14:51:39,12.4400,136,1
2026-06-08,601012,14:51:42,12.4300,431,2
2026-06-08,601012,14:51:45,12.4300,188,2
2026-06-08,601012,14:51:48,12.4300,372,2
2026-06-08,601012,14:51:51,12.4400,311,1
2026-06-08,601012,14:51:54,12.4400,248,1
2026-06-08,601012,14:51:57,12.4300,503,2
2026-06-08,601012,14:52:00,12.4300,349,2
2026-06-08,601012,14:52:03,12.4300,426,1
2026-06-08,601012,14:52:06,12.4400,476,1
2026-06-08,601012,14:52:09,12.4400,849,1
2026-06-08,601012,14:52:12,12.4400,720,2
2026-06-08,601012,14:52:15,12.4300,242,2
2026-06-08,601012,14:52:18,12.4400,734,1
2026-06-08,601012,14:52:21,12.4300,406,2
2026-06-08,601012,14:52:24,12.4300,542,2
2026-06-08,601012,14:52:27,12.4300,522,2
2026-06-08,601012,14:52:30,12.4300,481,1
2026-06-08,601012,14:52:33,12.4300,609,1
2026-06-08,601012,14:52:36,12.4300,2082,2
2026-06-08,601012,14:52:39,12.4400,47,4
2026-06-08,601012,14:52:42,12.4400,625,2
2026-06-08,601012,14:52:45,12.4400,298,1
2026-06-08,601012,14:52:48,12.4400,435,1
2026-06-08,601012,14:52:51,12.4300,504,2
2026-06-08,601012,14:52:54,12.4300,212,2
2026-06-08,601012,14:52:57,12.4400,364,4
2026-06-08,601012,14:53:00,12.4400,142,2
2026-06-08,601012,14:53:03,12.4500,460,1
2026-06-08,601012,14:53:06,12.4400,1221,2
2026-06-08,601012,14:53:09,12.4500,303,1
2026-06-08,601012,14:53:12,12.4500,806,1
2026-06-08,601012,14:53:15,12.4400,185,2
2026-06-08,601012,14:53:18,12.4400,769,2
2026-06-08,601012,14:53:21,12.4300,346,2
2026-06-08,601012,14:53:24,12.4400,1846,1
2026-06-08,601012,14:53:27,12.4400,942,2
2026-06-08,601012,14:53:30,12.4300,501,2
2026-06-08,601012,14:53:33,12.4400,447,2
2026-06-08,601012,14:53:36,12.4400,409,2
2026-06-08,601012,14:53:39,12.4400,119,1
2026-06-08,601012,14:53:42,12.4500,756,1
2026-06-08,601012,14:53:45,12.4500,1024,1
2026-06-08,601012,14:53:48,12.4400,630,2
2026-06-08,601012,14:53:51,12.4400,373,2
2026-06-08,601012,14:53:54,12.4500,283,1
2026-06-08,601012,14:53:57,12.4400,264,2
2026-06-08,601012,14:54:00,12.4400,860,2
2026-06-08,601012,14:54:03,12.4400,688,1
2026-06-08,601012,14:54:06,12.4500,709,1
2026-06-08,601012,14:54:09,12.4500,231,1
2026-06-08,601012,14:54:12,12.4500,398,1
2026-06-08,601012,14:54:15,12.4400,264,2
2026-06-08,601012,14:54:18,12.4400,242,2
2026-06-08,601012,14:54:21,12.4400,289,1
2026-06-08,601012,14:54:24,12.4400,525,1
2026-06-08,601012,14:54:27,12.4400,410,1
2026-06-08,601012,14:54:30,12.4300,172,2
2026-06-08,601012,14:54:33,12.4300,512,2
2026-06-08,601012,14:54:36,12.4300,366,2
2026-06-08,601012,14:54:39,12.4300,304,2
2026-06-08,601012,14:54:42,12.4400,419,1
2026-06-08,601012,14:54:45,12.4300,306,2
2026-06-08,601012,14:54:48,12.4300,1206,2
2026-06-08,601012,14:54:51,12.4300,965,2
2026-06-08,601012,14:54:54,12.4400,509,1
2026-06-08,601012,14:54:57,12.4400,563,1
2026-06-08,601012,14:55:00,12.4300,617,2
2026-06-08,601012,14:55:03,12.4300,762,4
2026-06-08,601012,14:55:06,12.4400,793,2
2026-06-08,601012,14:55:09,12.4300,526,2
2026-06-08,601012,14:55:12,12.4500,506,1
2026-06-08,601012,14:55:15,12.4400,449,2
2026-06-08,601012,14:55:18,12.4500,668,1
2026-06-08,601012,14:55:21,12.4400,389,2
2026-06-08,601012,14:55:24,12.4400,1058,2
2026-06-08,601012,14:55:27,12.4400,841,2
2026-06-08,601012,14:55:30,12.4400,323,2
2026-06-08,601012,14:55:33,12.4400,589,2
2026-06-08,601012,14:55:36,12.4400,506,1
2026-06-08,601012,14:55:39,12.4400,449,2
2026-06-08,601012,14:55:42,12.4400,716,2
2026-06-08,601012,14:55:45,12.4500,451,1
2026-06-08,601012,14:55:48,12.4400,453,2
2026-06-08,601012,14:55:51,12.4400,717,2
2026-06-08,601012,14:55:54,12.4500,744,1
2026-06-08,601012,14:55:57,12.4400,639,2
2026-06-08,601012,14:56:00,12.4400,530,2
2026-06-08,601012,14:56:03,12.4400,1247,1
2026-06-08,601012,14:56:06,12.4400,604,1
2026-06-08,601012,14:56:09,12.4400,1024,1
2026-06-08,601012,14:56:12,12.4400,991,1
2026-06-08,601012,14:56:15,12.4400,567,2
2026-06-08,601012,14:56:18,12.4500,1118,1
2026-06-08,601012,14:56:21,12.4400,207,2
2026-06-08,601012,14:56:24,12.4400,209,1
2026-06-08,601012,14:56:27,12.4500,468,1
2026-06-08,601012,14:56:30,12.4400,197,2
2026-06-08,601012,14:56:33,12.4400,487,2
2026-06-08,601012,14:56:36,12.4400,854,2
2026-06-08,601012,14:56:39,12.4500,101,1
2026-06-08,601012,14:56:42,12.4500,546,1
2026-06-08,601012,14:56:45,12.4500,284,1
2026-06-08,601012,14:56:48,12.4400,716,2
2026-06-08,601012,14:56:51,12.4400,384,2
2026-06-08,601012,14:56:54,12.4400,417,2
2026-06-08,601012,14:56:57,12.4400,256,1
2026-06-08,601012,14:57:00,12.4400,135,1
2026-06-08,601012,15:00:04,12.4400,21081,4
2026-06-08,601012,13:17:06,12.5700,1287,1
2026-06-08,601012,13:17:09,12.5600,710,2
2026-06-08,601012,13:17:12,12.5600,333,2
2026-06-08,601012,13:17:15,12.5600,527,1
2026-06-08,601012,13:17:18,12.5600,419,2
2026-06-08,601012,13:17:21,12.5600,183,1
2026-06-08,601012,13:17:24,12.5500,603,2
2026-06-08,601012,13:17:27,12.5600,397,1
2026-06-08,601012,13:17:30,12.5500,576,2
2026-06-08,601012,13:17:33,12.5600,284,1
2026-06-08,601012,13:17:36,12.5500,302,2
2026-06-08,601012,13:17:39,12.5500,417,2
2026-06-08,601012,13:17:42,12.5500,103,2
2026-06-08,601012,13:17:45,12.5500,500,2
2026-06-08,601012,13:17:48,12.5600,458,1
2026-06-08,601012,13:17:51,12.5500,104,2
2026-06-08,601012,13:17:54,12.5500,348,1
2026-06-08,601012,13:17:57,12.5500,169,1
2026-06-08,601012,13:18:00,12.5400,1195,2
2026-06-08,601012,13:18:03,12.5400,212,1
2026-06-08,601012,13:18:06,12.5500,365,1
2026-06-08,601012,13:18:09,12.5300,201,2
2026-06-08,601012,13:18:12,12.5500,516,1
2026-06-08,601012,13:18:15,12.5400,113,2
2026-06-08,601012,13:18:18,12.5500,691,1
2026-06-08,601012,13:18:21,12.5400,562,2
2026-06-08,601012,13:18:24,12.5400,4702,1
2026-06-08,601012,13:18:27,12.5400,2070,1
2026-06-08,601012,13:18:30,12.5400,200,2
2026-06-08,601012,13:18:33,12.5400,431,2
2026-06-08,601012,13:18:36,12.5400,1300,2
2026-06-08,601012,13:18:39,12.5300,518,2
2026-06-08,601012,13:18:42,12.5400,152,1
2026-06-08,601012,13:18:45,12.5500,250,1
2026-06-08,601012,13:18:48,12.5400,1813,2
2026-06-08,601012,13:18:51,12.5400,265,1
2026-06-08,601012,13:18:54,12.5400,294,1
2026-06-08,601012,13:18:57,12.5400,344,1
2026-06-08,601012,13:19:00,12.5400,693,1
2026-06-08,601012,13:19:03,12.5300,420,2
2026-06-08,601012,13:19:06,12.5300,404,1
2026-06-08,601012,13:19:09,12.5300,137,1
2026-06-08,601012,13:19:12,12.5200,126,2
2026-06-08,601012,13:19:15,12.5200,358,2
2026-06-08,601012,13:19:18,12.5300,353,1
2026-06-08,601012,13:19:21,12.5300,639,1
2026-06-08,601012,13:19:24,12.5300,724,2
2026-06-08,601012,13:19:27,12.5300,365,2
2026-06-08,601012,13:19:30,12.5200,136,2
2026-06-08,601012,13:19:33,12.5300,74,1
2026-06-08,601012,13:19:36,12.5200,650,2
2026-06-08,601012,13:19:39,12.5200,712,2
2026-06-08,601012,13:19:42,12.5300,423,1
2026-06-08,601012,13:19:45,12.5200,413,2
2026-06-08,601012,13:19:48,12.5200,180,2
2026-06-08,601012,13:19:51,12.5300,244,1
2026-06-08,601012,13:19:54,12.5200,146,2
2026-06-08,601012,13:19:57,12.5200,602,2
2026-06-08,601012,13:20:00,12.5200,427,2
2026-06-08,601012,13:20:03,12.5200,580,2
2026-06-08,601012,13:20:06,12.5200,104,2
2026-06-08,601012,13:20:09,12.5200,370,1
2026-06-08,601012,13:20:12,12.5200,75,1
2026-06-08,601012,13:20:15,12.5100,142,2
2026-06-08,601012,13:20:18,12.5200,821,1
2026-06-08,601012,13:20:21,12.5200,471,2
2026-06-08,601012,13:20:24,12.5200,135,2
2026-06-08,601012,13:20:27,12.5200,506,2
2026-06-08,601012,13:20:30,12.5200,262,1
2026-06-08,601012,13:20:33,12.5200,200,1
2026-06-08,601012,13:20:36,12.5200,405,2
2026-06-08,601012,13:20:39,12.5200,164,2
2026-06-08,601012,13:20:42,12.5200,246,2
2026-06-08,601012,13:20:45,12.5300,140,1
2026-06-08,601012,13:20:48,12.5200,162,2
2026-06-08,601012,13:20:51,12.5300,702,1
2026-06-08,601012,13:20:54,12.5300,179,1
2026-06-08,601012,13:20:57,12.5200,598,2
2026-06-08,601012,13:21:00,12.5300,503,1
2026-06-08,601012,13:21:03,12.5300,451,1
2026-06-08,601012,13:21:06,12.5300,296,1
2026-06-08,601012,13:21:09,12.5300,66,2
2026-06-08,601012,13:21:12,12.5300,228,2
2026-06-08,601012,13:21:15,12.5300,205,2
2026-06-08,601012,13:21:18,12.5300,182,1
2026-06-08,601012,13:21:21,12.5300,44,1
2026-06-08,601012,13:21:24,12.5300,133,1
2026-06-08,601012,13:21:27,12.5200,104,2
2026-06-08,601012,13:21:30,12.5300,92,1
2026-06-08,601012,13:21:33,12.5300,165,1
2026-06-08,601012,13:21:36,12.5300,454,1
2026-06-08,601012,13:21:39,12.5200,364,2
2026-06-08,601012,13:21:42,12.5400,64,1
2026-06-08,601012,13:21:45,12.5300,208,2
2026-06-08,601012,13:21:48,12.5400,118,1
2026-06-08,601012,13:21:51,12.5400,282,1
2026-06-08,601012,13:21:54,12.5300,208,2
2026-06-08,601012,13:21:57,12.5300,188,2
2026-06-08,601012,13:22:00,12.5400,139,4
2026-06-08,601012,13:22:03,12.5400,545,2
2026-06-08,601012,13:22:06,12.5400,418,2
2026-06-08,601012,13:22:09,12.5300,88,2
2026-06-08,601012,13:22:12,12.5300,60,2
2026-06-08,601012,13:22:15,12.5400,110,1
2026-06-08,601012,13:22:18,12.5400,156,1
2026-06-08,601012,13:22:21,12.5400,95,1
2026-06-08,601012,13:22:24,12.5400,425,1
2026-06-08,601012,13:22:27,12.5400,113,1
2026-06-08,601012,13:22:30,12.5400,102,2
2026-06-08,601012,13:22:33,12.5500,14,1
2026-06-08,601012,13:22:36,12.5500,76,1
2026-06-08,601012,13:22:39,12.5500,114,1
2026-06-08,601012,13:22:42,12.5500,232,1
2026-06-08,601012,13:22:45,12.5500,1024,1
2026-06-08,601012,13:22:48,12.5400,293,2
2026-06-08,601012,13:22:51,12.5500,218,1
2026-06-08,601012,13:22:54,12.5500,98,1
2026-06-08,601012,13:22:57,12.5400,94,2
2026-06-08,601012,13:23:00,12.5400,44,2
2026-06-08,601012,13:23:03,12.5500,170,1
2026-06-08,601012,13:23:06,12.5500,92,1
2026-06-08,601012,13:23:09,12.5500,374,1
2026-06-08,601012,13:23:12,12.5500,287,1
2026-06-08,601012,13:23:15,12.5400,358,2
2026-06-08,601012,13:23:18,12.5400,251,2
2026-06-08,601012,13:23:21,12.5500,464,1
2026-06-08,601012,13:23:24,12.5500,114,2
2026-06-08,601012,13:23:27,12.5600,65,1
2026-06-08,601012,13:23:30,12.5600,50,1
2026-06-08,601012,13:23:33,12.5600,489,1
2026-06-08,601012,13:23:36,12.5600,150,1
2026-06-08,601012,13:23:39,12.5600,48,2
2026-06-08,601012,13:23:42,12.5700,55,1
2026-06-08,601012,13:23:45,12.5700,191,1
2026-06-08,601012,13:23:48,12.5700,137,1
2026-06-08,601012,13:23:51,12.5600,1100,2
2026-06-08,601012,13:23:54,12.5700,436,1
2026-06-08,601012,13:23:57,12.5700,512,1
2026-06-08,601012,13:24:00,12.5700,2698,2
2026-06-08,601012,13:24:03,12.5600,253,2
2026-06-08,601012,13:24:06,12.5700,96,1
2026-06-08,601012,13:24:09,12.5500,1692,2
2026-06-08,601012,13:24:12,12.5600,108,1
2026-06-08,601012,13:24:15,12.5500,164,2
2026-06-08,601012,13:24:18,12.5600,44,1
2026-06-08,601012,13:24:21,12.5600,64,1
2026-06-08,601012,13:24:24,12.5600,94,1
2026-06-08,601012,13:24:27,12.5600,176,1
2026-06-08,601012,13:24:30,12.5600,70,1
2026-06-08,601012,13:24:33,12.5600,356,1
2026-06-08,601012,13:24:36,12.5500,81,2
2026-06-08,601012,13:24:39,12.5500,318,2
2026-06-08,601012,13:24:42,12.5600,295,1
2026-06-08,601012,13:24:45,12.5600,292,1
2026-06-08,601012,13:24:48,12.5500,122,2
2026-06-08,601012,13:24:51,12.5600,263,1
2026-06-08,601012,13:24:54,12.5600,85,1
2026-06-08,601012,13:24:57,12.5500,335,2
2026-06-08,601012,13:25:00,12.5600,173,1
2026-06-08,601012,13:25:03,12.5500,236,2
2026-06-08,601012,13:25:06,12.5600,364,1
2026-06-08,601012,13:25:09,12.5500,258,2
2026-06-08,601012,13:25:12,12.5600,210,1
2026-06-08,601012,13:25:15,12.5500,571,2
2026-06-08,601012,13:25:18,12.5600,100,1
2026-06-08,601012,13:25:21,12.5600,77,1
2026-06-08,601012,13:25:24,12.5500,230,2
2026-06-08,601012,13:25:27,12.5600,129,1
2026-06-08,601012,13:25:30,12.5500,106,2
2026-06-08,601012,13:25:33,12.5600,234,1
2026-06-08,601012,13:25:36,12.5600,65,1
2026-06-08,601012,13:25:39,12.5500,528,2
2026-06-08,601012,13:25:42,12.5500,647,2
2026-06-08,601012,13:25:45,12.5500,648,1
2026-06-08,601012,13:25:48,12.5500,70,1
2026-06-08,601012,13:25:51,12.5500,15,1
2026-06-08,601012,13:25:54,12.5400,70,2
2026-06-08,601012,13:25:57,12.5500,44,1
2026-06-08,601012,13:26:00,12.5400,100,2
2026-06-08,601012,13:26:03,12.5500,131,1
2026-06-08,601012,13:26:06,12.5400,159,2
2026-06-08,601012,13:26:09,12.5500,43,1
2026-06-08,601012,13:26:12,12.5400,190,2
2026-06-08,601012,13:26:15,12.5500,42,1
2026-06-08,601012,13:26:18,12.5500,134,1
2026-06-08,601012,13:26:21,12.5500,85,1
2026-06-08,601012,13:26:24,12.5500,123,1
2026-06-08,601012,13:26:27,12.5500,96,1
2026-06-08,601012,13:26:30,12.5500,80,1
2026-06-08,601012,13:26:33,12.5500,68,1
2026-06-08,601012,13:26:36,12.5500,112,1
2026-06-08,601012,13:26:39,12.5500,65,1
2026-06-08,601012,13:26:42,12.5400,92,2
2026-06-08,601012,13:26:45,12.5500,304,1
2026-06-08,601012,13:26:48,12.5500,150,1
2026-06-08,601012,13:26:51,12.5500,295,2
2026-06-08,601012,13:26:54,12.5500,39,1
2026-06-08,601012,13:26:57,12.5500,456,1
2026-06-08,601012,13:27:00,12.5400,327,2
2026-06-08,601012,13:27:03,12.5500,156,1
2026-06-08,601012,13:27:06,12.5400,165,2
2026-06-08,601012,13:27:09,12.5600,98,1
2026-06-08,601012,13:27:12,12.5400,93,2
2026-06-08,601012,13:27:15,12.5500,185,1
2026-06-08,601012,13:27:18,12.5500,105,1
2026-06-08,601012,13:27:21,12.5500,119,1
2026-06-08,601012,13:27:24,12.5500,98,2
2026-06-08,601012,13:27:27,12.5500,122,1
2026-06-08,601012,13:27:30,12.5400,112,2
2026-06-08,601012,13:27:33,12.5500,868,1
2026-06-08,601012,13:27:36,12.5500,450,2
2026-06-08,601012,13:27:39,12.5500,232,1
2026-06-08,601012,13:27:42,12.5400,105,2
2026-06-08,601012,13:27:45,12.5500,128,1
2026-06-08,601012,13:27:48,12.5400,138,2
2026-06-08,601012,13:27:51,12.5600,78,1
2026-06-08,601012,13:27:54,12.5500,169,2
2026-06-08,601012,13:27:57,12.5500,311,2
2026-06-08,601012,13:28:00,12.5500,48,2
2026-06-08,601012,13:28:03,12.5500,89,2
2026-06-08,601012,13:28:06,12.5500,197,1
2026-06-08,601012,13:28:09,12.5500,160,1
2026-06-08,601012,13:28:12,12.5400,93,2
2026-06-08,601012,13:28:15,12.5400,132,2
2026-06-08,601012,13:28:18,12.5400,2935,2
2026-06-08,601012,13:28:21,12.5400,45,1
2026-06-08,601012,13:28:24,12.5400,71,1
2026-06-08,601012,13:28:27,12.5300,191,2
2026-06-08,601012,13:28:30,12.5300,65,1
2026-06-08,601012,13:28:33,12.5300,41,1
2026-06-08,601012,13:28:36,12.5300,439,1
2026-06-08,601012,13:28:39,12.5300,114,1
2026-06-08,601012,13:28:42,12.5300,115,1
2026-06-08,601012,13:28:45,12.5300,141,1
2026-06-08,601012,13:28:48,12.5300,160,2
2026-06-08,601012,13:28:51,12.5300,12,2
2026-06-08,601012,13:28:54,12.5300,316,2
2026-06-08,601012,13:28:57,12.5300,103,1
2026-06-08,601012,13:29:00,12.5200,727,2
2026-06-08,601012,13:29:03,12.5200,47,2
2026-06-08,601012,13:29:06,12.5300,115,1
2026-06-08,601012,13:29:09,12.5300,1054,1
2026-06-08,601012,13:29:12,12.5300,138,2
2026-06-08,601012,13:29:15,12.5400,131,1
2026-06-08,601012,13:29:18,12.5400,65,1
2026-06-08,601012,13:29:21,12.5400,226,1
2026-06-08,601012,13:29:24,12.5500,217,1
2026-06-08,601012,13:29:27,12.5400,35,2
2026-06-08,601012,13:29:30,12.5400,197,1
2026-06-08,601012,13:29:33,12.5400,25,1
2026-06-08,601012,13:29:36,12.5400,66,1
2026-06-08,601012,13:29:39,12.5400,126,1
2026-06-08,601012,13:29:42,12.5300,181,2
2026-06-08,601012,13:29:45,12.5400,36,1
2026-06-08,601012,13:29:48,12.5400,45,1
2026-06-08,601012,13:29:51,12.5400,144,1
2026-06-08,601012,13:29:54,12.5400,103,1
2026-06-08,601012,13:29:57,12.5400,184,1
2026-06-08,601012,13:30:00,12.5300,164,2
2026-06-08,601012,13:30:03,12.5300,664,2
2026-06-08,601012,13:30:06,12.5200,158,2
2026-06-08,601012,13:30:09,12.5300,50,1
2026-06-08,601012,13:30:12,12.5300,375,1
2026-06-08,601012,13:30:15,12.5200,88,2
2026-06-08,601012,13:30:18,12.5200,957,2
2026-06-08,601012,13:30:21,12.5300,110,1
2026-06-08,601012,13:30:24,12.5200,3506,2
2026-06-08,601012,13:30:27,12.5200,244,1
2026-06-08,601012,13:30:30,12.5200,184,1
2026-06-08,601012,13:30:33,12.5200,1129,1
2026-06-08,601012,13:30:36,12.5200,139,2
2026-06-08,601012,13:30:39,12.5200,714,2
2026-06-08,601012,13:30:42,12.5100,395,2
2026-06-08,601012,13:30:45,12.5200,172,1
2026-06-08,601012,13:30:48,12.5200,182,2
2026-06-08,601012,13:30:51,12.5200,483,2
2026-06-08,601012,13:30:54,12.5200,58,2
2026-06-08,601012,13:30:57,12.5200,132,1
2026-06-08,601012,13:31:00,12.5300,77,1
2026-06-08,601012,13:31:03,12.5200,213,2
2026-06-08,601012,13:31:06,12.5300,83,1
2026-06-08,601012,13:31:09,12.5300,36,1
2026-06-08,601012,13:31:12,12.5200,425,2
2026-06-08,601012,13:31:15,12.5300,211,1
2026-06-08,601012,13:31:18,12.5300,60,1
2026-06-08,601012,13:31:21,12.5200,207,2
2026-06-08,601012,13:31:24,12.5200,111,2
2026-06-08,601012,13:31:27,12.5200,206,2
2026-06-08,601012,13:31:30,12.5200,301,2
2026-06-08,601012,13:31:33,12.5200,846,2
2026-06-08,601012,13:31:36,12.5200,182,1
2026-06-08,601012,13:31:39,12.5200,142,1
2026-06-08,601012,13:31:42,12.5200,232,1
2026-06-08,601012,13:31:45,12.5200,25,1
2026-06-08,601012,13:31:48,12.5200,279,1
2026-06-08,601012,13:31:51,12.5100,87,2
2026-06-08,601012,13:31:54,12.5200,1047,1
2026-06-08,601012,13:31:57,12.5100,372,2
2026-06-08,601012,13:32:00,12.5100,1231,2
2026-06-08,601012,13:32:03,12.5100,5309,2
2026-06-08,601012,13:32:06,12.5000,407,2
2026-06-08,601012,13:32:09,12.5100,800,1
2026-06-08,601012,13:32:12,12.5200,913,1
2026-06-08,601012,13:32:15,12.5100,567,1
2026-06-08,601012,13:32:18,12.5000,212,2
2026-06-08,601012,13:32:21,12.5100,191,1
2026-06-08,601012,13:32:24,12.5000,210,2
2026-06-08,601012,13:32:27,12.5100,230,1
2026-06-08,601012,13:32:30,12.5000,339,2
2026-06-08,601012,13:32:33,12.5100,383,1
2026-06-08,601012,13:32:36,12.5000,184,2
2026-06-08,601012,13:32:39,12.5100,78,1
2026-06-08,601012,13:32:42,12.5100,126,1
2026-06-08,601012,13:32:45,12.5100,71,1
2026-06-08,601012,13:32:48,12.5100,147,1
2026-06-08,601012,13:32:51,12.5100,593,1
2026-06-08,601012,13:32:54,12.5000,961,2
2026-06-08,601012,13:32:57,12.5100,310,1
2026-06-08,601012,13:33:00,12.5000,198,2
2026-06-08,601012,13:33:03,12.5100,278,1
2026-06-08,601012,13:33:06,12.5100,97,1
2026-06-08,601012,13:33:09,12.5000,708,2
2026-06-08,601012,13:33:12,12.5100,411,1
2026-06-08,601012,13:33:15,12.5000,525,2
2026-06-08,601012,13:33:18,12.5100,159,1
2026-06-08,601012,13:33:21,12.5000,621,2
2026-06-08,601012,13:33:24,12.5000,320,2
2026-06-08,601012,13:33:27,12.5000,1080,2
2026-06-08,601012,13:33:30,12.5000,722,2
2026-06-08,601012,13:33:33,12.5000,175,2
2026-06-08,601012,13:33:36,12.5000,217,2
2026-06-08,601012,13:33:39,12.5100,287,1
2026-06-08,601012,13:33:42,12.5000,79,2
2026-06-08,601012,13:33:45,12.5000,202,2
2026-06-08,601012,13:33:48,12.5000,183,2
2026-06-08,601012,13:33:51,12.5000,130,2
2026-06-08,601012,13:33:54,12.5100,1844,1
2026-06-08,601012,13:33:57,12.5100,982,1
2026-06-08,601012,13:34:00,12.5100,338,1
2026-06-08,601012,13:34:03,12.5100,129,1
2026-06-08,601012,13:34:06,12.5100,303,1
2026-06-08,601012,13:34:09,12.5100,64,2
2026-06-08,601012,13:34:12,12.5100,78,2
2026-06-08,601012,13:34:15,12.5200,80,1
2026-06-08,601012,13:34:18,12.5100,920,2
2026-06-08,601012,13:34:21,12.5100,146,2
2026-06-08,601012,13:34:24,12.5200,239,1
2026-06-08,601012,13:34:27,12.5100,178,2
2026-06-08,601012,13:34:30,12.5100,487,1
2026-06-08,601012,13:34:33,12.5100,379,1
2026-06-08,601012,13:34:36,12.5000,225,2
2026-06-08,601012,13:34:39,12.5100,147,1
2026-06-08,601012,13:34:42,12.5000,57,2
2026-06-08,601012,13:34:45,12.5000,103,2
2026-06-08,601012,13:34:48,12.5100,126,1
2026-06-08,601012,13:34:51,12.5100,151,1
2026-06-08,601012,13:34:54,12.5100,286,1
2026-06-08,601012,13:34:57,12.5100,1210,1
2026-06-08,601012,13:35:00,12.5100,36,1
2026-06-08,601012,13:35:03,12.5100,529,1
2026-06-08,601012,13:35:06,12.5100,103,1
2026-06-08,601012,13:35:09,12.5100,109,1
2026-06-08,601012,13:35:12,12.5100,497,1
2026-06-08,601012,13:35:15,12.5100,717,1
2026-06-08,601012,13:35:18,12.4900,8422,2
2026-06-08,601012,13:35:21,12.5000,1425,1
2026-06-08,601012,13:35:24,12.4900,245,2
2026-06-08,601012,13:35:27,12.4900,82,2
2026-06-08,601012,13:35:30,12.4900,165,2
2026-06-08,601012,13:35:33,12.4900,308,2
2026-06-08,601012,13:35:36,12.4900,126,1
2026-06-08,601012,13:35:39,12.4800,142,2
2026-06-08,601012,13:35:42,12.4800,189,2
2026-06-08,601012,13:35:45,12.4900,898,1
2026-06-08,601012,13:35:48,12.4800,152,2
2026-06-08,601012,13:35:51,12.4900,1438,1
2026-06-08,601012,13:35:54,12.4800,335,2
2026-06-08,601012,13:35:57,12.4800,231,1
2026-06-08,601012,13:36:00,12.4800,169,1
2026-06-08,601012,13:36:03,12.4700,867,2
2026-06-08,601012,13:36:06,12.4600,1220,2
2026-06-08,601012,13:36:09,12.4700,506,1
2026-06-08,601012,13:36:12,12.4700,121,2
2026-06-08,601012,13:36:15,12.4700,508,2
2026-06-08,601012,13:36:18,12.4600,141,2
2026-06-08,601012,13:36:21,12.4600,241,2
2026-06-08,601012,13:36:24,12.4700,183,1
2026-06-08,601012,13:36:27,12.4600,318,2
2026-06-08,601012,13:36:30,12.4700,459,1
2026-06-08,601012,13:36:33,12.4600,229,2
2026-06-08,601012,13:36:36,12.4600,293,2
2026-06-08,601012,13:36:39,12.4700,480,1
2026-06-08,601012,13:36:42,12.4600,502,2
2026-06-08,601012,13:36:45,12.4600,923,2
2026-06-08,601012,13:36:48,12.4600,251,1
2026-06-08,601012,13:36:51,12.4500,150,2
2026-06-08,601012,13:36:54,12.4600,256,1
2026-06-08,601012,13:36:57,12.4600,1218,1
2026-06-08,601012,13:37:00,12.4600,411,1
2026-06-08,601012,13:37:03,12.4600,1807,1
2026-06-08,601012,13:37:06,12.4700,1785,1
2026-06-08,601012,13:37:09,12.4600,531,4
2026-06-08,601012,13:37:12,12.4700,630,1
2026-06-08,601012,13:37:15,12.4500,533,2
2026-06-08,601012,13:37:18,12.4600,337,4
2026-06-08,601012,13:37:21,12.4700,184,1
2026-06-08,601012,13:37:24,12.4700,430,1
2026-06-08,601012,13:37:27,12.4700,254,1
2026-06-08,601012,13:37:30,12.4700,214,1
2026-06-08,601012,13:37:33,12.4700,201,1
2026-06-08,601012,13:37:36,12.4600,40,2
2026-06-08,601012,13:37:39,12.4600,128,2
2026-06-08,601012,13:37:42,12.4600,73,2
2026-06-08,601012,13:37:45,12.4600,244,2
2026-06-08,601012,13:37:48,12.4700,204,1
2026-06-08,601012,13:37:51,12.4700,292,1
2026-06-08,601012,13:37:54,12.4600,1478,2
2026-06-08,601012,13:37:57,12.4700,102,1
2026-06-08,601012,13:38:00,12.4600,109,2
2026-06-08,601012,13:38:03,12.4600,55,2
2026-06-08,601012,13:38:06,12.4600,151,2
2026-06-08,601012,13:38:09,12.4700,192,1
2026-06-08,601012,13:38:12,12.4700,477,1
2026-06-08,601012,13:38:15,12.4600,244,2
2026-06-08,601012,13:38:18,12.4700,312,1
2026-06-08,601012,13:38:21,12.4600,757,2
2026-06-08,601012,13:38:24,12.4700,318,1
2026-06-08,601012,13:38:27,12.4600,222,2
2026-06-08,601012,13:38:30,12.4700,340,1
2026-06-08,601012,13:38:33,12.4600,141,2
2026-06-08,601012,13:38:36,12.4600,189,1
2026-06-08,601012,13:38:39,12.4600,86,1
2026-06-08,601012,13:38:42,12.4600,348,1
2026-06-08,601012,13:38:45,12.4600,110,1
2026-06-08,601012,13:38:48,12.4600,556,1
2026-06-08,601012,13:38:51,12.4600,269,1
2026-06-08,601012,13:38:54,12.4600,50,1
2026-06-08,601012,13:38:57,12.4600,321,1
2026-06-08,601012,13:39:00,12.4600,362,1
2026-06-08,601012,13:39:03,12.4600,134,1
2026-06-08,601012,13:39:06,12.4600,55,1
2026-06-08,601012,13:39:09,12.4500,140,2
2026-06-08,601012,13:39:12,12.4600,117,1
2026-06-08,601012,13:39:15,12.4600,171,1
2026-06-08,601012,13:39:18,12.4500,3558,2
2026-06-08,601012,13:39:21,12.4500,191,1
2026-06-08,601012,13:39:24,12.4400,155,2
2026-06-08,601012,13:39:27,12.4400,578,2
2026-06-08,601012,13:39:30,12.4400,184,1
2026-06-08,601012,13:39:33,12.4400,229,1
2026-06-08,601012,13:39:36,12.4300,285,2
2026-06-08,601012,13:39:39,12.4400,2407,1
2026-06-08,601012,13:39:42,12.4400,181,2
2026-06-08,601012,13:39:45,12.4400,243,2
2026-06-08,601012,13:39:48,12.4500,368,1
2026-06-08,601012,13:39:51,12.4400,730,2
2026-06-08,601012,13:39:54,12.4500,332,1
2026-06-08,601012,13:39:57,12.4500,541,1
2026-06-08,601012,13:40:00,12.4400,718,2
2026-06-08,601012,13:40:03,12.4500,164,1
2026-06-08,601012,13:40:06,12.4400,267,2
2026-06-08,601012,13:40:09,12.4500,123,1
2026-06-08,601012,13:40:12,12.4500,382,1
2026-06-08,601012,13:40:15,12.4400,39,2
2026-06-08,601012,13:40:18,12.4400,152,2
2026-06-08,601012,13:40:21,12.4500,223,1
2026-06-08,601012,13:40:24,12.4400,211,2
2026-06-08,601012,13:40:27,12.4400,162,2
2026-06-08,601012,13:40:30,12.4400,603,2
2026-06-08,601012,13:40:33,12.4500,402,1
2026-06-08,601012,13:40:36,12.4500,620,1
2026-06-08,601012,13:40:39,12.4400,237,2
2026-06-08,601012,13:40:42,12.4400,51,2
2026-06-08,601012,13:40:45,12.4400,407,2
2026-06-08,601012,13:40:48,12.4400,442,2
2026-06-08,601012,13:40:51,12.4400,848,2
2026-06-08,601012,13:40:54,12.4500,694,1
2026-06-08,601012,13:40:57,12.4500,132,1
2026-06-08,601012,13:41:00,12.4400,1157,2
2026-06-08,601012,13:41:03,12.4500,143,1
2026-06-08,601012,13:41:06,12.4500,458,1
2026-06-08,601012,13:41:09,12.4400,693,2
2026-06-08,601012,13:41:12,12.4500,482,1
2026-06-08,601012,13:41:15,12.4400,209,2
2026-06-08,601012,13:41:18,12.4400,902,2
2026-06-08,601012,13:41:21,12.4400,52,1
2026-06-08,601012,13:41:24,12.4400,1267,1
2026-06-08,601012,13:41:27,12.4400,59,1
2026-06-08,601012,13:41:30,12.4300,920,2
2026-06-08,601012,13:41:33,12.4400,118,1
2026-06-08,601012,13:41:36,12.4300,361,2
2026-06-08,601012,13:41:39,12.4300,149,2
2026-06-08,601012,13:41:42,12.4300,227,2
2026-06-08,601012,13:41:45,12.4300,562,2
2026-06-08,601012,13:41:48,12.4400,61,1
2026-06-08,601012,13:41:51,12.4300,240,2
2026-06-08,601012,13:41:54,12.4300,352,2
2026-06-08,601012,13:41:57,12.4300,276,2
2026-06-08,601012,13:42:00,12.4300,146,1
2026-06-08,601012,13:42:03,12.4300,166,1
2026-06-08,601012,13:42:06,12.4300,152,1
2026-06-08,601012,13:42:09,12.4300,119,1
2026-06-08,601012,13:42:12,12.4200,91,2
2026-06-08,601012,13:42:15,12.4200,280,2
2026-06-08,601012,13:42:18,12.4300,261,1
2026-06-08,601012,13:42:21,12.4300,240,1
2026-06-08,601012,13:42:24,12.4200,464,2
2026-06-08,601012,13:42:27,12.4300,218,1
2026-06-08,601012,13:42:30,12.4200,509,2
2026-06-08,601012,13:42:33,12.4200,514,2
2026-06-08,601012,13:42:36,12.4200,87,2
2026-06-08,601012,13:42:39,12.4200,264,1
2026-06-08,601012,13:42:42,12.4200,599,1
2026-06-08,601012,13:42:45,12.4200,144,1
2026-06-08,601012,13:42:48,12.4200,499,1
2026-06-08,601012,13:42:51,12.4200,309,1
2026-06-08,601012,13:42:54,12.4200,126,1
2026-06-08,601012,13:42:57,12.4200,683,1
2026-06-08,601012,13:43:00,12.4100,176,2
2026-06-08,601012,13:43:03,12.4200,265,1
2026-06-08,601012,13:43:06,12.4200,580,1
2026-06-08,601012,13:43:09,12.4200,235,2
2026-06-08,601012,13:43:12,12.4200,353,2
2026-06-08,601012,13:43:15,12.4200,140,1
2026-06-08,601012,13:43:18,12.4200,179,1
2026-06-08,601012,13:43:21,12.4200,153,1
2026-06-08,601012,13:43:24,12.4200,188,1
2026-06-08,601012,13:43:27,12.4200,146,1
2026-06-08,601012,13:43:30,12.4200,559,1
2026-06-08,601012,13:43:33,12.4200,913,1
2026-06-08,601012,13:43:36,12.4100,533,2
2026-06-08,601012,13:43:39,12.4300,163,1
2026-06-08,601012,13:43:42,12.4300,56,1
2026-06-08,601012,13:43:45,12.4300,104,1
2026-06-08,601012,13:43:48,12.4200,240,2
2026-06-08,601012,13:43:51,12.4200,157,2
2026-06-08,601012,13:43:54,12.4200,348,2
2026-06-08,601012,13:43:57,12.4200,344,2
2026-06-08,601012,13:44:00,12.4200,82,2
2026-06-08,601012,13:44:03,12.4200,91,2
2026-06-08,601012,13:44:06,12.4200,654,2
2026-06-08,601012,13:44:09,12.4200,374,2
2026-06-08,601012,13:44:12,12.4200,43,2
2026-06-08,601012,13:44:15,12.4300,88,1
2026-06-08,601012,13:44:18,12.4300,193,1
2026-06-08,601012,13:44:21,12.4200,304,2
2026-06-08,601012,13:44:24,12.4300,195,1
2026-06-08,601012,13:44:27,12.4300,130,1
2026-06-08,601012,13:44:30,12.4300,220,1
2026-06-08,601012,13:44:33,12.4200,264,2
2026-06-08,601012,13:44:36,12.4200,240,2
2026-06-08,601012,13:44:39,12.4300,114,1
2026-06-08,601012,13:44:42,12.4200,919,2
2026-06-08,601012,13:44:45,12.4200,186,2
2026-06-08,601012,13:44:48,12.4300,151,1
2026-06-08,601012,13:44:51,12.4300,254,1
2026-06-08,601012,13:44:54,12.4200,42,2
2026-06-08,601012,13:44:57,12.4200,555,2
2026-06-08,601012,13:45:00,12.4200,88,2
2026-06-08,601012,13:45:03,12.4200,155,2
2026-06-08,601012,13:45:06,12.4300,128,1
2026-06-08,601012,13:45:09,12.4300,154,1
2026-06-08,601012,13:45:12,12.4200,170,2
2026-06-08,601012,13:45:15,12.4300,214,1
2026-06-08,601012,13:45:18,12.4200,41,2
2026-06-08,601012,13:45:21,12.4300,290,1
2026-06-08,601012,13:45:24,12.4200,1107,2
2026-06-08,601012,13:45:27,12.4200,576,1
2026-06-08,601012,13:45:30,12.4100,546,2
2026-06-08,601012,13:45:33,12.4100,728,2
2026-06-08,601012,13:45:36,12.4100,502,2
2026-06-08,601012,13:45:39,12.4100,1245,2
2026-06-08,601012,13:45:42,12.4100,793,2
2026-06-08,601012,13:45:45,12.4000,2320,2
2026-06-08,601012,13:45:48,12.4100,329,1
2026-06-08,601012,13:45:51,12.4000,76,2
2026-06-08,601012,13:45:54,12.4000,277,2
2026-06-08,601012,13:45:57,12.4100,117,1
2026-06-08,601012,13:46:00,12.4100,212,1
2026-06-08,601012,13:46:03,12.4000,170,2
2026-06-08,601012,13:46:06,12.4000,202,2
2026-06-08,601012,13:46:09,12.4000,227,2
2026-06-08,601012,13:46:12,12.4000,5601,2
2026-06-08,601012,13:46:15,12.4000,87,1
2026-06-08,601012,13:46:18,12.4000,48,1
2026-06-08,601012,13:46:21,12.3900,180,2
2026-06-08,601012,13:46:24,12.4000,279,1
2026-06-08,601012,13:46:27,12.4000,770,1
2026-06-08,601012,13:46:30,12.3900,242,2
2026-06-08,601012,13:46:33,12.3900,572,2
2026-06-08,601012,13:46:36,12.3900,1252,2
2026-06-08,601012,13:46:39,12.3900,1229,2
2026-06-08,601012,13:46:42,12.3900,1408,2
2026-06-08,601012,13:46:45,12.4000,741,1
2026-06-08,601012,13:46:48,12.4000,2998,1
2026-06-08,601012,13:46:51,12.4100,7449,1
2026-06-08,601012,13:46:54,12.4100,755,2
2026-06-08,601012,13:46:57,12.4200,176,1
2026-06-08,601012,13:47:00,12.4100,329,2
2026-06-08,601012,13:47:03,12.4200,6120,1
2026-06-08,601012,13:47:06,12.4200,364,2
2026-06-08,601012,13:47:09,12.4300,1148,1
2026-06-08,601012,13:47:12,12.4300,197,1
2026-06-08,601012,13:47:15,12.4400,214,1
2026-06-08,601012,13:47:18,12.4400,198,1
2026-06-08,601012,13:47:21,12.4300,514,2
2026-06-08,601012,13:47:24,12.4400,433,1
2026-06-08,601012,13:47:27,12.4400,465,2
2026-06-08,601012,13:47:30,12.4500,659,1
2026-06-08,601012,13:47:33,12.4700,2591,1
2026-06-08,601012,13:47:36,12.4700,410,1
2026-06-08,601012,13:47:39,12.4700,423,1
2026-06-08,601012,13:47:42,12.4700,209,2
2026-06-08,601012,13:47:45,12.4700,366,2
2026-06-08,601012,13:47:48,12.4700,820,1
2026-06-08,601012,13:47:51,12.4600,434,2
2026-06-08,601012,13:47:54,12.4700,240,2
2026-06-08,601012,13:47:57,12.4700,704,2
2026-06-08,601012,13:48:00,12.4800,1002,4
2026-06-08,601012,13:48:03,12.4700,847,2
2026-06-08,601012,13:48:06,12.4600,1710,2
2026-06-08,601012,13:48:09,12.4700,533,1
2026-06-08,601012,13:48:12,12.4700,347,1
2026-06-08,601012,13:48:15,12.4600,341,1
2026-06-08,601012,13:48:18,12.4700,228,1
2026-06-08,601012,13:48:21,12.4700,280,1
2026-06-08,601012,13:48:24,12.4700,96,1
2026-06-08,601012,13:48:27,12.4700,788,1
2026-06-08,601012,13:48:30,12.4500,471,2
2026-06-08,601012,13:48:33,12.4500,496,1
2026-06-08,601012,13:48:36,12.4300,209,2
2026-06-08,601012,13:48:39,12.4500,706,1
2026-06-08,601012,13:48:42,12.4500,198,1
2026-06-08,601012,13:48:45,12.4400,143,4
2026-06-08,601012,13:48:48,12.4400,355,4
2026-06-08,601012,13:48:51,12.4500,624,1
2026-06-08,601012,13:48:54,12.4300,218,2
2026-06-08,601012,13:48:57,12.4400,248,1
2026-06-08,601012,13:49:00,12.4200,248,2
2026-06-08,601012,13:49:03,12.4200,540,2
2026-06-08,601012,13:49:06,12.4200,683,2
2026-06-08,601012,13:49:09,12.4200,152,1
2026-06-08,601012,13:49:12,12.4300,128,1
2026-06-08,601012,13:49:15,12.4400,74,1
2026-06-08,601012,13:49:18,12.4300,258,4
2026-06-08,601012,13:49:21,12.4300,279,1
2026-06-08,601012,13:49:24,12.4400,241,1
2026-06-08,601012,13:49:27,12.4400,201,1
2026-06-08,601012,13:49:30,12.4300,63,2
2026-06-08,601012,13:49:33,12.4400,106,1
2026-06-08,601012,13:49:36,12.4500,102,1
2026-06-08,601012,13:49:39,12.4500,234,1
2026-06-08,601012,13:49:42,12.4500,211,1
2026-06-08,601012,13:49:45,12.4500,79,1
2026-06-08,601012,13:49:48,12.4500,126,1
2026-06-08,601012,13:49:51,12.4400,165,2
2026-06-08,601012,13:49:54,12.4500,182,1
2026-06-08,601012,13:49:57,12.4500,140,1
2026-06-08,601012,13:50:00,12.4500,199,1
2026-06-08,601012,13:50:03,12.4500,222,1
2026-06-08,601012,13:50:06,12.4400,213,2
2026-06-08,601012,13:50:09,12.4400,216,2
2026-06-08,601012,13:50:12,12.4500,62,1
2026-06-08,601012,13:50:15,12.4500,68,1
2026-06-08,601012,13:50:18,12.4500,210,1
2026-06-08,601012,13:50:21,12.4500,233,1
2026-06-08,601012,13:50:24,12.4500,771,1
2026-06-08,601012,13:50:27,12.4600,90,1
2026-06-08,601012,13:50:30,12.4600,137,1
2026-06-08,601012,13:50:33,12.4600,28,1
2026-06-08,601012,13:50:36,12.4600,204,1
2026-06-08,601012,13:50:39,12.4600,279,1
2026-06-08,601012,13:50:42,12.4700,1796,1
2026-06-08,601012,13:50:45,12.4700,493,1
2026-06-08,601012,13:50:48,12.4700,354,1
2026-06-08,601012,13:50:51,12.4700,89,1
2026-06-08,601012,13:50:54,12.4800,118,1
2026-06-08,601012,13:50:57,12.4800,109,1
2026-06-08,601012,13:51:00,12.4800,318,1
2026-06-08,601012,13:51:03,12.4800,256,1
2026-06-08,601012,13:51:06,12.4800,207,1
2026-06-08,601012,13:51:09,12.4700,751,2
2026-06-08,601012,13:51:12,12.4700,1235,1
2026-06-08,601012,13:51:15,12.4600,1351,2
2026-06-08,601012,13:51:18,12.4500,869,2
2026-06-08,601012,13:51:21,12.4400,980,2
2026-06-08,601012,13:51:24,12.4400,167,1
2026-06-08,601012,13:51:27,12.4400,295,1
2026-06-08,601012,13:51:30,12.4400,238,2
2026-06-08,601012,13:51:33,12.4500,58,1
2026-06-08,601012,13:51:36,12.4500,41,1
2026-06-08,601012,13:51:39,12.4500,333,1
2026-06-08,601012,13:51:42,12.4500,149,1
2026-06-08,601012,13:51:45,12.4400,119,2
2026-06-08,601012,13:51:48,12.4400,1211,2
2026-06-08,601012,13:51:51,12.4400,222,1
2026-06-08,601012,13:51:54,12.4300,53,2
2026-06-08,601012,13:51:57,12.4500,153,1
2026-06-08,601012,13:52:00,12.4500,171,1
2026-06-08,601012,13:52:03,12.4500,188,1
2026-06-08,601012,13:52:06,12.4500,106,1
2026-06-08,601012,13:52:09,12.4500,82,1
2026-06-08,601012,13:52:12,12.4500,91,2
2026-06-08,601012,13:52:15,12.4600,94,1
2026-06-08,601012,13:52:18,12.4600,224,2
2026-06-08,601012,13:52:21,12.4700,71,4
2026-06-08,601012,13:52:24,12.4600,133,2
2026-06-08,601012,13:52:27,12.4600,72,1
2026-06-08,601012,13:52:30,12.4600,128,2
2026-06-08,601012,13:52:33,12.4700,115,1
2026-06-08,601012,13:52:36,12.4700,99,1
2026-06-08,601012,13:52:39,12.4700,169,1
2026-06-08,601012,13:52:42,12.4700,264,1
2026-06-08,601012,13:52:45,12.4700,71,2
2026-06-08,601012,13:52:48,12.4700,337,2
2026-06-08,601012,13:52:51,12.4600,354,2
2026-06-08,601012,13:52:54,12.4600,85,1
2026-06-08,601012,13:52:57,12.4600,74,1
2026-06-08,601012,13:53:00,12.4700,37,1
2026-06-08,601012,13:53:03,12.4700,109,1
2026-06-08,601012,13:53:06,12.4700,138,1
2026-06-08,601012,13:53:09,12.4700,90,1
2026-06-08,601012,13:53:12,12.4600,522,2
2026-06-08,601012,13:53:15,12.4600,374,1
2026-06-08,601012,13:53:18,12.4700,515,1
2026-06-08,601012,13:53:21,12.4700,811,1
2026-06-08,601012,13:53:24,12.4600,63,2
2026-06-08,601012,13:53:27,12.4800,76,1
2026-06-08,601012,13:53:30,12.4700,132,2
2026-06-08,601012,13:53:33,12.4700,69,2
2026-06-08,601012,13:53:36,12.4700,347,2
2026-06-08,601012,13:53:39,12.4700,687,1
2026-06-08,601012,13:53:42,12.4700,994,1
2026-06-08,601012,13:53:45,12.4600,356,2
2026-06-08,601012,13:53:48,12.4500,946,2
2026-06-08,601012,13:53:51,12.4500,341,2
2026-06-08,601012,13:53:54,12.4500,360,1
2026-06-08,601012,13:53:57,12.4400,183,2
2026-06-08,601012,13:54:00,12.4500,299,4
2026-06-08,601012,13:54:03,12.4400,204,2
2026-06-08,601012,13:54:06,12.4500,348,2
2026-06-08,601012,13:54:09,12.4500,344,1
2026-06-08,601012,13:54:12,12.4500,98,2
2026-06-08,601012,13:54:15,12.4500,1143,2
2026-06-08,601012,13:54:18,12.4500,58,1
2026-06-08,601012,13:54:21,12.4500,196,1
2026-06-08,601012,13:54:24,12.4500,104,1
2026-06-08,601012,13:54:27,12.4500,97,1
2026-06-08,601012,13:54:30,12.4500,419,1
2026-06-08,601012,13:54:33,12.4500,84,1
2026-06-08,601012,13:54:36,12.4500,152,1
2026-06-08,601012,13:54:39,12.4500,182,1
2026-06-08,601012,13:54:42,12.4500,450,1
2026-06-08,601012,13:54:45,12.4500,9,1
2026-06-08,601012,13:54:48,12.4500,84,1
2026-06-08,601012,13:54:51,12.4400,212,2
2026-06-08,601012,13:54:54,12.4400,129,2
2026-06-08,601012,13:54:57,12.4400,144,2
2026-06-08,601012,13:55:00,12.4400,114,2
2026-06-08,601012,13:55:03,12.4500,216,1
2026-06-08,601012,13:55:06,12.4400,603,2
2026-06-08,601012,13:55:09,12.4400,95,1
2026-06-08,601012,13:55:12,12.4500,178,1
2026-06-08,601012,13:55:15,12.4400,45,2
2026-06-08,601012,13:55:18,12.4400,67,2
2026-06-08,601012,13:55:21,12.4500,1824,1
2026-06-08,601012,13:55:24,12.4600,345,1
2026-06-08,601012,13:55:27,12.4600,244,1
2026-06-08,601012,13:55:30,12.4700,501,1
2026-06-08,601012,13:55:33,12.4600,121,2
2026-06-08,601012,13:55:36,12.4700,109,1
2026-06-08,601012,13:55:39,12.4600,111,2
2026-06-08,601012,13:55:42,12.4700,133,1
2026-06-08,601012,13:55:45,12.4800,141,1
2026-06-08,601012,13:55:48,12.4800,214,1
2026-06-08,601012,13:55:51,12.4600,225,2
2026-06-08,601012,13:55:54,12.4700,361,1
2026-06-08,601012,13:55:57,12.4600,118,4
2026-06-08,601012,13:56:00,12.4600,130,1
2026-06-08,601012,13:56:03,12.4500,402,2
2026-06-08,601012,13:56:06,12.4500,189,1
2026-06-08,601012,13:56:09,12.4500,49,1
2026-06-08,601012,13:56:12,12.4400,57,2
2026-06-08,601012,13:56:15,12.4500,137,1
2026-06-08,601012,13:56:18,12.4600,105,1
2026-06-08,601012,13:56:21,12.4600,22,1
2026-06-08,601012,13:56:24,12.4600,218,1
2026-06-08,601012,13:56:27,12.4600,39,2
2026-06-08,601012,13:56:30,12.4600,81,2
2026-06-08,601012,13:56:33,12.4700,326,1
2026-06-08,601012,13:56:36,12.4800,123,1
2026-06-08,601012,13:56:39,12.4600,342,2
2026-06-08,601012,13:56:42,12.4700,76,1
2026-06-08,601012,13:56:45,12.4800,552,1
2026-06-08,601012,13:56:48,12.4800,100,1
2026-06-08,601012,13:56:51,12.4700,84,2
2026-06-08,601012,13:56:54,12.4700,61,2
2026-06-08,601012,13:56:57,12.4800,80,1
2026-06-08,601012,13:57:00,12.4800,114,1
2026-06-08,601012,13:57:03,12.4800,202,1
2026-06-08,601012,13:57:06,12.4800,161,1
2026-06-08,601012,13:57:09,12.4900,142,1
2026-06-08,601012,13:57:12,12.4800,458,2
2026-06-08,601012,13:57:15,12.4900,381,1
2026-06-08,601012,13:57:18,12.4900,153,1
2026-06-08,601012,13:57:21,12.4900,321,1
2026-06-08,601012,13:57:24,12.4900,316,1
2026-06-08,601012,13:57:27,12.5000,931,1
2026-06-08,601012,13:57:30,12.4900,307,2
2026-06-08,601012,13:57:33,12.4900,242,1
2026-06-08,601012,13:57:36,12.4900,81,1
2026-06-08,601012,13:57:39,12.4900,84,1
2026-06-08,601012,13:57:42,12.4900,427,1
2026-06-08,601012,13:57:45,12.5000,541,1
2026-06-08,601012,13:57:48,12.4900,122,4
2026-06-08,601012,13:57:51,12.4900,252,2
2026-06-08,601012,13:57:54,12.4900,464,1
2026-06-08,601012,13:57:57,12.5000,371,1
2026-06-08,601012,13:58:00,12.4900,477,2
2026-06-08,601012,13:58:03,12.4900,153,1
2026-06-08,601012,13:58:06,12.4900,100,1
2026-06-08,601012,13:58:09,12.4900,77,2
2026-06-08,601012,13:58:12,12.4900,305,2
2026-06-08,601012,13:58:15,12.4900,218,2
2026-06-08,601012,13:58:18,12.5000,167,1
2026-06-08,601012,13:58:21,12.4900,177,2
2026-06-08,601012,13:58:24,12.5000,480,1
2026-06-08,601012,13:58:27,12.5000,107,1
2026-06-08,601012,13:58:30,12.5000,295,1
2026-06-08,601012,13:58:33,12.5000,109,1
2026-06-08,601012,13:58:36,12.4900,779,2
2026-06-08,601012,13:58:39,12.4900,257,1
2026-06-08,601012,13:58:42,12.4800,657,2
2026-06-08,601012,13:58:45,12.4800,136,1
2026-06-08,601012,13:58:48,12.4800,146,1
2026-06-08,601012,13:58:51,12.4900,33,1
2026-06-08,601012,13:58:54,12.4900,394,1
2026-06-08,601012,13:58:57,12.4800,114,2
2026-06-08,601012,13:59:00,12.4800,90,1
2026-06-08,601012,13:59:03,12.4800,87,1
2026-06-08,601012,13:59:06,12.4800,82,2
2026-06-08,601012,13:59:09,12.4800,166,2
2026-06-08,601012,13:59:12,12.4900,52,1
2026-06-08,601012,13:59:15,12.4900,86,1
2026-06-08,601012,13:59:18,12.4900,7,1
2026-06-08,601012,13:59:21,12.4900,115,1
2026-06-08,601012,13:59:24,12.4800,52,2
2026-06-08,601012,13:59:27,12.4900,68,1
2026-06-08,601012,13:59:30,12.4900,93,1
2026-06-08,601012,13:59:33,12.4900,14,1
2026-06-08,601012,13:59:36,12.4900,102,1
2026-06-08,601012,13:59:39,12.4900,156,1
2026-06-08,601012,13:59:42,12.4800,468,2
2026-06-08,601012,13:59:45,12.4800,101,1
2026-06-08,601012,13:59:48,12.4800,132,1
2026-06-08,601012,13:59:51,12.4800,82,1
2026-06-08,601012,13:59:54,12.4800,161,1
2026-06-08,601012,13:59:58,12.4800,656,1
2026-06-08,601012,14:00:00,12.4700,849,2
2026-06-08,601012,14:00:03,12.4700,101,1
2026-06-08,601012,14:00:06,12.4600,128,2
2026-06-08,601012,14:00:09,12.4600,937,2
2026-06-08,601012,14:00:12,12.4700,303,1
2026-06-08,601012,14:00:15,12.4700,1155,1
2026-06-08,601012,14:00:18,12.4700,74,1
2026-06-08,601012,14:00:21,12.4700,168,1
2026-06-08,601012,14:00:24,12.4700,61,1
2026-06-08,601012,14:00:27,12.4700,177,1
2026-06-08,601012,14:00:30,12.4700,22,1
2026-06-08,601012,14:00:33,12.4700,660,1
2026-06-08,601012,14:00:36,12.4800,169,1
2026-06-08,601012,14:00:39,12.4600,47,2
2026-06-08,601012,14:00:42,12.4700,449,1
2026-06-08,601012,14:00:45,12.4700,123,1
2026-06-08,601012,14:00:48,12.4700,100,1
2026-06-08,601012,14:00:51,12.4700,191,1
2026-06-08,601012,14:00:54,12.4800,10,1
2026-06-08,601012,14:00:57,12.4700,100,2
2026-06-08,601012,14:01:00,12.4700,15,2
2026-06-08,601012,14:01:03,12.4700,110,2
2026-06-08,601012,14:01:06,12.4900,1121,1
2026-06-08,601012,14:01:09,12.5000,475,1
2026-06-08,601012,14:01:12,12.4900,24,2
2026-06-08,601012,14:01:15,12.4900,138,1
2026-06-08,601012,14:01:18,12.4900,345,1
2026-06-08,601012,14:01:21,12.4900,87,2
2026-06-08,601012,14:01:24,12.4800,216,2
2026-06-08,601012,14:01:27,12.4900,275,1
2026-06-08,601012,14:01:30,12.4800,116,2
2026-06-08,601012,14:01:33,12.4600,451,2
2026-06-08,601012,14:01:36,12.4700,165,1
2026-06-08,601012,14:01:39,12.4600,979,2
2026-06-08,601012,14:01:42,12.4700,173,1
2026-06-08,601012,14:01:45,12.4700,118,2
2026-06-08,601012,14:01:48,12.4600,181,2
2026-06-08,601012,14:01:51,12.4600,83,2
2026-06-08,601012,14:01:54,12.4600,273,1
2026-06-08,601012,14:01:57,12.4600,296,1
2026-06-08,601012,14:02:00,12.4600,63,1
2026-06-08,601012,14:02:03,12.4500,266,2
2026-06-08,601012,14:02:06,12.4600,180,2
2026-06-08,601012,14:02:09,12.4500,939,2
2026-06-08,601012,14:02:12,12.4500,371,2
2026-06-08,601012,14:02:15,12.4500,406,1
2026-06-08,601012,14:02:18,12.4500,190,1
2026-06-08,601012,14:02:21,12.4500,371,1
2026-06-08,601012,14:02:24,12.4400,366,2
2026-06-08,601012,14:02:27,12.4400,208,2
2026-06-08,601012,14:02:30,12.4400,114,1
2026-06-08,601012,14:02:33,12.4400,62,1
2026-06-08,601012,14:02:36,12.4400,151,1
2026-06-08,601012,14:02:39,12.4400,89,1
2026-06-08,601012,14:02:42,12.4400,80,2
2026-06-08,601012,14:02:45,12.4500,35,1
2026-06-08,601012,14:02:48,12.4400,735,2
2026-06-08,601012,14:02:51,12.4400,194,2
2026-06-08,601012,14:02:54,12.4400,85,2
2026-06-08,601012,14:02:57,12.4600,1472,1
2026-06-08,601012,14:03:00,12.4700,617,1
2026-06-08,601012,14:03:03,12.4900,613,1
2026-06-08,601012,14:03:06,12.4700,343,2
2026-06-08,601012,14:03:09,12.4600,255,2
2026-06-08,601012,14:03:12,12.4900,274,1
2026-06-08,601012,14:03:15,12.4700,100,2
2026-06-08,601012,14:03:18,12.4600,133,2
2026-06-08,601012,14:03:21,12.4800,897,1
2026-06-08,601012,14:03:24,12.4700,5623,2
2026-06-08,601012,14:03:27,12.4700,1370,1
2026-06-08,601012,14:03:30,12.4600,163,2
2026-06-08,601012,14:03:33,12.4600,102,2
2026-06-08,601012,14:03:36,12.4600,803,2
2026-06-08,601012,14:03:39,12.4800,34,1
2026-06-08,601012,14:03:42,12.4700,47,2
2026-06-08,601012,14:03:45,12.4700,110,2
2026-06-08,601012,14:03:48,12.4800,152,1
2026-06-08,601012,14:03:51,12.4700,478,2
2026-06-08,601012,14:03:54,12.4600,282,2
2026-06-08,601012,14:03:57,12.4700,53,1
2026-06-08,601012,14:04:00,12.4800,152,1
2026-06-08,601012,14:04:03,12.4800,357,1
2026-06-08,601012,14:04:06,12.4700,172,2
2026-06-08,601012,14:04:09,12.4700,2304,2
2026-06-08,601012,14:04:12,12.4800,576,1
2026-06-08,601012,14:04:15,12.4700,328,2
2026-06-08,601012,14:04:18,12.4800,103,1
2026-06-08,601012,14:04:21,12.4700,115,2
2026-06-08,601012,14:04:24,12.4500,2924,2
2026-06-08,601012,14:04:27,12.4300,1200,2
2026-06-08,601012,14:04:30,12.4500,368,1
2026-06-08,601012,14:04:33,12.4500,143,2
2026-06-08,601012,14:04:36,12.4500,130,1
2026-06-08,601012,14:04:39,12.4500,30,1
2026-06-08,601012,14:04:42,12.4400,674,2
2026-06-08,601012,14:04:45,12.4600,204,1
2026-06-08,601012,14:04:48,12.4600,379,1
2026-06-08,601012,14:04:51,12.4600,411,1
2026-06-08,601012,14:04:54,12.4500,115,2
2026-06-08,601012,14:04:57,12.4700,312,1
2026-06-08,601012,14:05:00,12.4600,193,2
2026-06-08,601012,14:05:03,12.4600,418,1
2026-06-08,601012,14:05:06,12.4600,153,4
2026-06-08,601012,14:05:09,12.4600,206,2
2026-06-08,601012,14:05:12,12.4700,188,1
2026-06-08,601012,14:05:15,12.4700,279,1
2026-06-08,601012,14:05:18,12.4600,466,2
2026-06-08,601012,14:05:21,12.4600,415,2
2026-06-08,601012,14:05:24,12.4400,1795,2
2026-06-08,601012,14:05:27,12.4500,2782,1
2026-06-08,601012,14:05:30,12.4500,290,2
2026-06-08,601012,14:05:33,12.4500,312,1
2026-06-08,601012,14:05:36,12.4500,152,1
2026-06-08,601012,14:05:39,12.4500,590,1
2026-06-08,601012,14:05:42,12.4500,500,1
2026-06-08,601012,14:05:45,12.4500,288,1
2026-06-08,601012,14:05:48,12.4400,149,2
2026-06-08,601012,14:05:51,12.4400,357,1
2026-06-08,601012,14:05:54,12.4400,9,1
2026-06-08,601012,14:05:57,12.4400,529,1
2026-06-08,601012,14:06:00,12.4500,314,1
2026-06-08,601012,14:06:03,12.4400,201,2
2026-06-08,601012,14:06:06,12.4500,89,1
2026-06-08,601012,14:06:09,12.4500,646,1
2026-06-08,601012,14:06:12,12.4500,112,2
2026-06-08,601012,14:06:15,12.4500,3061,2
2026-06-08,601012,14:06:18,12.4600,194,1
2026-06-08,601012,14:06:21,12.4400,423,2
2026-06-08,601012,14:06:24,12.4500,6202,1
2026-06-08,601012,14:06:27,12.4500,175,1
2026-06-08,601012,14:06:30,12.4500,168,1
2026-06-08,601012,14:06:33,12.4500,184,1
2026-06-08,601012,14:06:36,12.4300,1773,2
2026-06-08,601012,14:06:39,12.4300,142,1
2026-06-08,601012,14:06:42,12.4300,279,1
2026-06-08,601012,14:06:45,12.4300,214,1
2026-06-08,601012,14:06:48,12.4300,102,1
2026-06-08,601012,14:06:51,12.4300,416,1
2026-06-08,601012,14:06:54,12.4200,247,2
2026-06-08,601012,14:06:57,12.4300,144,1
2026-06-08,601012,14:07:00,12.4200,145,2
2026-06-08,601012,14:07:03,12.4200,225,2
2026-06-08,601012,10:56:51,12.7800,41,2
2026-06-08,601012,10:56:54,12.7900,861,1
2026-06-08,601012,10:56:57,12.7900,61,1
2026-06-08,601012,10:57:00,12.7800,46,2
2026-06-08,601012,10:57:03,12.7900,100,1
2026-06-08,601012,10:57:06,12.7900,86,2
2026-06-08,601012,10:57:09,12.7900,12,2
2026-06-08,601012,10:57:12,12.7900,96,2
2026-06-08,601012,10:57:15,12.7900,188,2
2026-06-08,601012,10:57:18,12.7800,51,2
2026-06-08,601012,10:57:21,12.7800,89,2
2026-06-08,601012,10:57:24,12.7900,47,1
2026-06-08,601012,10:57:27,12.7900,3,1
2026-06-08,601012,10:57:30,12.7800,191,2
2026-06-08,601012,10:57:33,12.7800,162,2
2026-06-08,601012,10:57:36,12.7800,387,2
2026-06-08,601012,10:57:39,12.7800,105,1
2026-06-08,601012,10:57:42,12.7900,334,1
2026-06-08,601012,10:57:45,12.7800,161,2
2026-06-08,601012,10:57:48,12.7800,101,1
2026-06-08,601012,10:57:51,12.7800,95,1
2026-06-08,601012,10:57:54,12.7800,37,2
2026-06-08,601012,10:57:57,12.7900,111,1
2026-06-08,601012,10:58:00,12.7700,155,2
2026-06-08,601012,10:58:03,12.7700,34,2
2026-06-08,601012,10:58:06,12.7800,19,1
2026-06-08,601012,10:58:09,12.7700,74,2
2026-06-08,601012,10:58:12,12.7700,89,2
2026-06-08,601012,10:58:15,12.7800,13,1
2026-06-08,601012,10:58:18,12.7700,51,2
2026-06-08,601012,10:58:21,12.7700,50,2
2026-06-08,601012,10:58:24,12.7700,730,2
2026-06-08,601012,10:58:27,12.7700,91,2
2026-06-08,601012,10:58:30,12.7800,3,1
2026-06-08,601012,10:58:33,12.7800,32,1
2026-06-08,601012,10:58:36,12.7800,18,1
2026-06-08,601012,10:58:39,12.7800,5,1
2026-06-08,601012,10:58:42,12.7700,24,2
2026-06-08,601012,10:58:45,12.7800,81,1
2026-06-08,601012,10:58:48,12.7800,99,1
2026-06-08,601012,10:58:51,12.7700,13,2
2026-06-08,601012,10:58:54,12.7800,418,1
2026-06-08,601012,10:58:57,12.7800,40,2
2026-06-08,601012,10:59:00,12.7900,25,1
2026-06-08,601012,10:59:03,12.7800,52,2
2026-06-08,601012,10:59:06,12.7800,6,2
2026-06-08,601012,10:59:09,12.7800,35,2
2026-06-08,601012,10:59:12,12.7800,94,2
2026-06-08,601012,10:59:15,12.7900,25,1
2026-06-08,601012,10:59:18,12.7900,165,1
2026-06-08,601012,10:59:21,12.7800,52,2
2026-06-08,601012,10:59:24,12.7800,23,1
2026-06-08,601012,10:59:27,12.7800,37,1
2026-06-08,601012,10:59:30,12.7800,31,1
2026-06-08,601012,10:59:33,12.7700,291,2
2026-06-08,601012,10:59:36,12.7800,51,1
2026-06-08,601012,10:59:39,12.7700,35,2
2026-06-08,601012,10:59:42,12.7700,119,2
2026-06-08,601012,10:59:45,12.7700,360,2
2026-06-08,601012,10:59:48,12.7700,80,2
2026-06-08,601012,10:59:51,12.7700,38,1
2026-06-08,601012,10:59:54,12.7600,137,2
2026-06-08,601012,10:59:57,12.7700,227,1
2026-06-08,601012,11:00:00,12.7700,269,1
2026-06-08,601012,11:00:03,12.7700,51,1
2026-06-08,601012,11:00:06,12.7600,91,2
2026-06-08,601012,11:00:09,12.7600,79,2
2026-06-08,601012,11:00:12,12.7700,60,1
2026-06-08,601012,11:00:15,12.7600,21,2
2026-06-08,601012,11:00:18,12.7700,73,1
2026-06-08,601012,11:00:21,12.7600,42,2
2026-06-08,601012,11:00:24,12.7600,68,2
2026-06-08,601012,11:00:27,12.7700,43,1
2026-06-08,601012,11:00:30,12.7600,8,2
2026-06-08,601012,11:00:33,12.7700,29,1
2026-06-08,601012,11:00:36,12.7700,80,1
2026-06-08,601012,11:00:39,12.7600,71,2
2026-06-08,601012,11:00:42,12.7700,49,1
2026-06-08,601012,11:00:45,12.7600,25,2
2026-06-08,601012,11:00:48,12.7700,20,1
2026-06-08,601012,11:00:51,12.7700,43,1
2026-06-08,601012,11:00:54,12.7600,552,2
2026-06-08,601012,11:00:57,12.7600,142,2
2026-06-08,601012,11:01:00,12.7600,30,2
2026-06-08,601012,11:01:03,12.7700,70,1
2026-06-08,601012,11:01:06,12.7700,46,1
2026-06-08,601012,11:01:09,12.7700,40,1
2026-06-08,601012,11:01:12,12.7700,153,1
2026-06-08,601012,11:01:15,12.7700,49,1
2026-06-08,601012,11:01:18,12.7700,39,1
2026-06-08,601012,11:01:21,12.7600,45,2
2026-06-08,601012,11:01:24,12.7600,15,2
2026-06-08,601012,11:01:27,12.7700,7,1
2026-06-08,601012,11:01:30,12.7700,45,1
2026-06-08,601012,11:01:33,12.7700,257,1
2026-06-08,601012,11:01:36,12.7700,339,1
2026-06-08,601012,11:01:39,12.7700,1539,2
2026-06-08,601012,11:01:42,12.7700,21,2
2026-06-08,601012,11:01:45,12.7700,506,2
2026-06-08,601012,11:01:48,12.7700,529,1
2026-06-08,601012,11:01:51,12.7700,185,1
2026-06-08,601012,11:01:54,12.7600,45,2
2026-06-08,601012,11:01:57,12.7600,51,2
2026-06-08,601012,11:02:00,12.7700,178,1
2026-06-08,601012,11:02:03,12.7700,245,2
2026-06-08,601012,11:02:06,12.7800,77,1
2026-06-08,601012,11:02:09,12.7800,83,1
2026-06-08,601012,11:02:12,12.7900,723,1
2026-06-08,601012,11:02:15,12.7800,145,2
2026-06-08,601012,11:02:18,12.7700,202,2
2026-06-08,601012,11:02:21,12.7700,99,2
2026-06-08,601012,11:02:27,12.7700,13,2
2026-06-08,601012,11:02:30,12.7800,105,1
2026-06-08,601012,11:02:33,12.7700,71,2
2026-06-08,601012,11:02:36,12.7700,148,2
2026-06-08,601012,11:02:39,12.7800,131,1
2026-06-08,601012,11:02:42,12.7700,60,2
2026-06-08,601012,11:02:45,12.7700,11,2
2026-06-08,601012,11:02:51,12.7800,104,1
2026-06-08,601012,11:02:54,12.7800,13,1
2026-06-08,601012,11:02:57,12.7800,95,1
2026-06-08,601012,11:03:00,12.7700,39,2
2026-06-08,601012,11:03:03,12.7800,42,1
2026-06-08,601012,11:03:06,12.7700,95,2
2026-06-08,601012,11:03:09,12.7800,205,1
2026-06-08,601012,11:03:12,12.7700,119,2
2026-06-08,601012,11:03:15,12.7800,95,1
2026-06-08,601012,11:03:18,12.7700,2,2
2026-06-08,601012,11:03:21,12.7700,120,2
2026-06-08,601012,11:03:24,12.7800,15,1
2026-06-08,601012,11:03:27,12.7800,204,1
2026-06-08,601012,11:03:30,12.7800,113,1
2026-06-08,601012,11:03:33,12.7800,41,1
2026-06-08,601012,11:03:36,12.7700,94,2
2026-06-08,601012,11:03:39,12.7700,16,2
2026-06-08,601012,11:03:42,12.7800,28,1
2026-06-08,601012,11:03:45,12.7800,2,1
2026-06-08,601012,11:03:48,12.7800,90,1
2026-06-08,601012,11:03:51,12.7800,61,1
2026-06-08,601012,11:03:54,12.7700,30,2
2026-06-08,601012,11:03:57,12.7800,1,1
2026-06-08,601012,11:04:00,12.7800,107,1
2026-06-08,601012,11:04:03,12.7700,64,2
2026-06-08,601012,11:04:06,12.7800,966,1
2026-06-08,601012,11:04:09,12.7900,20,1
2026-06-08,601012,11:04:12,12.7900,121,1
2026-06-08,601012,11:04:15,12.7800,20,2
2026-06-08,601012,11:04:18,12.7800,66,2
2026-06-08,601012,11:04:21,12.7900,578,1
2026-06-08,601012,11:04:24,12.7800,14,2
2026-06-08,601012,11:04:27,12.7900,15,1
2026-06-08,601012,11:04:30,12.7900,58,1
2026-06-08,601012,11:04:33,12.7800,42,2
2026-06-08,601012,11:04:36,12.7800,76,2
2026-06-08,601012,11:04:39,12.7900,5,1
2026-06-08,601012,11:04:42,12.7800,240,2
2026-06-08,601012,11:04:45,12.7800,68,2
2026-06-08,601012,11:04:48,12.7900,1,1
2026-06-08,601012,11:04:51,12.7900,8,1
2026-06-08,601012,11:04:54,12.7800,8,2
2026-06-08,601012,11:04:57,12.7900,31,1
2026-06-08,601012,11:05:00,12.7900,17,1
2026-06-08,601012,11:05:03,12.7800,16,2
2026-06-08,601012,11:05:06,12.7800,229,2
2026-06-08,601012,11:05:09,12.7800,52,1
2026-06-08,601012,11:05:12,12.7700,33,2
2026-06-08,601012,11:05:18,12.7800,61,1
2026-06-08,601012,11:05:21,12.7700,28,2
2026-06-08,601012,11:05:24,12.7700,586,2
2026-06-08,601012,11:05:27,12.7700,267,2
2026-06-08,601012,11:05:30,12.7800,20,1
2026-06-08,601012,11:05:33,12.7800,536,1
2026-06-08,601012,11:05:36,12.7800,110,1
2026-06-08,601012,11:05:39,12.7700,36,2
2026-06-08,601012,11:05:42,12.7700,26,2
2026-06-08,601012,11:05:45,12.7800,214,1
2026-06-08,601012,11:05:48,12.7700,5,2
2026-06-08,601012,11:05:51,12.7700,20,2
2026-06-08,601012,11:05:54,12.7800,4,1
2026-06-08,601012,11:05:57,12.7800,62,1
2026-06-08,601012,11:06:00,12.7800,31,1
2026-06-08,601012,11:06:03,12.7800,4,1
2026-06-08,601012,11:06:06,12.7700,68,2
2026-06-08,601012,11:06:09,12.7700,217,2
2026-06-08,601012,11:06:12,12.7800,41,1
2026-06-08,601012,11:06:15,12.7700,52,2
2026-06-08,601012,11:06:18,12.7800,174,1
2026-06-08,601012,11:06:24,12.7700,61,2
2026-06-08,601012,11:06:27,12.7700,48,2
2026-06-08,601012,11:06:30,12.7800,27,1
2026-06-08,601012,11:06:33,12.7700,276,2
2026-06-08,601012,11:06:36,12.7700,54,1
2026-06-08,601012,11:06:39,12.7600,40,2
2026-06-08,601012,11:06:42,12.7700,63,1
2026-06-08,601012,11:06:45,12.7700,14,1
2026-06-08,601012,11:06:48,12.7700,345,1
2026-06-08,601012,11:06:51,12.7700,2,1
2026-06-08,601012,11:06:54,12.7600,35,2
2026-06-08,601012,11:06:57,12.7700,50,1
2026-06-08,601012,11:07:00,12.7600,40,2
2026-06-08,601012,11:07:03,12.7700,88,1
2026-06-08,601012,11:07:06,12.7700,190,1
2026-06-08,601012,11:07:09,12.7600,90,2
2026-06-08,601012,11:07:12,12.7700,4,1
2026-06-08,601012,11:07:15,12.7700,119,1
2026-06-08,601012,11:07:18,12.7700,38,1
2026-06-08,601012,11:07:21,12.7700,15,1
2026-06-08,601012,11:07:24,12.7600,3591,2
2026-06-08,601012,11:07:27,12.7600,169,4
2026-06-08,601012,11:07:30,12.7500,85,2
2026-06-08,601012,11:07:33,12.7600,31,1
2026-06-08,601012,11:07:36,12.7600,29,1
2026-06-08,601012,11:07:39,12.7600,53,1
2026-06-08,601012,11:07:42,12.7600,20,1
2026-06-08,601012,11:07:45,12.7500,94,2
2026-06-08,601012,11:07:48,12.7600,311,1
2026-06-08,601012,11:07:51,12.7500,168,2
2026-06-08,601012,11:07:54,12.7600,17,1
2026-06-08,601012,11:08:00,12.7600,100,1
2026-06-08,601012,11:08:03,12.7600,67,1
2026-06-08,601012,11:08:06,12.7600,68,1
2026-06-08,601012,11:08:09,12.7600,76,1
2026-06-08,601012,11:08:12,12.7600,2097,1
2026-06-08,601012,11:08:15,12.7600,154,2
2026-06-08,601012,11:08:18,12.7600,4,2
2026-06-08,601012,11:08:21,12.7700,73,1
2026-06-08,601012,11:08:24,12.7700,109,1
2026-06-08,601012,11:08:27,12.7600,89,2
2026-06-08,601012,11:08:30,12.7700,16,1
2026-06-08,601012,11:08:33,12.7600,10,2
2026-06-08,601012,11:08:36,12.7600,134,2
2026-06-08,601012,11:08:39,12.7600,31,1
2026-06-08,601012,11:08:42,12.7600,12,1
2026-06-08,601012,11:08:45,12.7600,44,1
2026-06-08,601012,11:08:48,12.7500,135,2
2026-06-08,601012,11:08:51,12.7500,63,2
2026-06-08,601012,11:08:54,12.7500,106,2
2026-06-08,601012,11:08:57,12.7500,209,2
2026-06-08,601012,11:09:00,12.7500,5,2
2026-06-08,601012,11:09:03,12.7500,154,2
2026-06-08,601012,11:09:06,12.7600,49,1
2026-06-08,601012,11:09:09,12.7500,52,2
2026-06-08,601012,11:09:12,12.7500,70,2
2026-06-08,601012,11:09:15,12.7600,37,1
2026-06-08,601012,11:09:18,12.7600,111,1
2026-06-08,601012,11:09:21,12.7600,78,1
2026-06-08,601012,11:09:24,12.7600,24,1
2026-06-08,601012,11:09:27,12.7500,1849,2
2026-06-08,601012,11:09:30,12.7500,184,1
2026-06-08,601012,11:09:33,12.7400,526,2
2026-06-08,601012,11:09:36,12.7500,78,1
2026-06-08,601012,11:09:39,12.7400,68,2
2026-06-08,601012,11:09:42,12.7500,124,1
2026-06-08,601012,11:09:45,12.7400,102,2
2026-06-08,601012,11:09:48,12.7400,1755,2
2026-06-08,601012,11:09:51,12.7400,245,1
2026-06-08,601012,11:09:54,12.7400,1053,1
2026-06-08,601012,11:09:57,12.7400,163,1
2026-06-08,601012,11:10:00,12.7400,52,1
2026-06-08,601012,11:10:03,12.7300,341,2
2026-06-08,601012,11:10:06,12.7300,261,2
2026-06-08,601012,11:10:09,12.7300,444,2
2026-06-08,601012,11:10:12,12.7300,842,2
2026-06-08,601012,11:10:15,12.7300,107,1
2026-06-08,601012,11:10:18,12.7300,827,1
2026-06-08,601012,11:10:21,12.7300,155,1
2026-06-08,601012,11:10:24,12.7300,362,1
2026-06-08,601012,11:10:27,12.7300,156,2
2026-06-08,601012,11:10:30,12.7300,30,2
2026-06-08,601012,11:10:33,12.7300,100,2
2026-06-08,601012,11:10:36,12.7400,31,1
2026-06-08,601012,11:10:39,12.7400,184,1
2026-06-08,601012,11:10:42,12.7300,305,2
2026-06-08,601012,11:10:45,12.7300,114,2
2026-06-08,601012,11:10:48,12.7300,45,2
2026-06-08,601012,11:10:51,12.7300,215,2
2026-06-08,601012,11:10:54,12.7300,21,2
2026-06-08,601012,11:10:57,12.7300,365,2
2026-06-08,601012,11:11:00,12.7400,19,1
2026-06-08,601012,11:11:03,12.7300,198,2
2026-06-08,601012,11:11:06,12.7400,135,1
2026-06-08,601012,11:11:09,12.7400,96,1
2026-06-08,601012,11:11:12,12.7300,20,2
2026-06-08,601012,11:11:15,12.7400,96,1
2026-06-08,601012,11:11:18,12.7300,225,2
2026-06-08,601012,11:11:21,12.7300,55,2
2026-06-08,601012,11:11:24,12.7300,136,2
2026-06-08,601012,11:11:27,12.7300,153,2
2026-06-08,601012,11:11:30,12.7400,180,1
2026-06-08,601012,11:11:33,12.7400,147,1
2026-06-08,601012,11:11:36,12.7300,122,2
2026-06-08,601012,11:11:39,12.7300,109,2
2026-06-08,601012,11:11:42,12.7300,36,2
2026-06-08,601012,11:11:45,12.7400,97,1
2026-06-08,601012,11:11:48,12.7400,52,1
2026-06-08,601012,11:11:51,12.7400,54,1
2026-06-08,601012,11:11:54,12.7400,40,1
2026-06-08,601012,11:11:57,12.7300,37,2
2026-06-08,601012,11:12:00,12.7300,325,2
2026-06-08,601012,11:12:03,12.7300,64,1
2026-06-08,601012,11:12:06,12.7300,35,1
2026-06-08,601012,11:12:09,12.7300,52,1
2026-06-08,601012,11:12:12,12.7300,553,1
2026-06-08,601012,11:12:15,12.7300,48,2
2026-06-08,601012,11:12:18,12.7400,41,1
2026-06-08,601012,11:12:21,12.7300,151,2
2026-06-08,601012,11:12:24,12.7300,42,2
2026-06-08,601012,11:12:27,12.7400,82,1
2026-06-08,601012,11:12:30,12.7300,6,2
2026-06-08,601012,11:12:33,12.7400,150,1
2026-06-08,601012,11:12:36,12.7400,46,1
2026-06-08,601012,11:12:39,12.7400,34,1
2026-06-08,601012,11:12:42,12.7300,121,2
2026-06-08,601012,11:12:45,12.7300,989,2
2026-06-08,601012,11:12:48,12.7300,47,1
2026-06-08,601012,11:12:51,12.7300,55,1
2026-06-08,601012,11:12:54,12.7300,89,1
2026-06-08,601012,11:12:57,12.7300,81,1
2026-06-08,601012,11:13:00,12.7300,12,1
2026-06-08,601012,11:13:03,12.7300,149,1
2026-06-08,601012,11:13:06,12.7300,104,1
2026-06-08,601012,11:13:09,12.7300,99,1
2026-06-08,601012,11:13:12,12.7300,76,1
2026-06-08,601012,11:13:15,12.7300,77,1
2026-06-08,601012,11:13:18,12.7300,31,1
2026-06-08,601012,11:13:21,12.7300,27,1
2026-06-08,601012,11:13:24,12.7300,215,1
2026-06-08,601012,11:13:27,12.7200,30,2
2026-06-08,601012,11:13:30,12.7300,118,1
2026-06-08,601012,11:13:33,12.7200,170,2
2026-06-08,601012,11:13:36,12.7300,80,1
2026-06-08,601012,11:13:39,12.7300,219,1
2026-06-08,601012,11:13:42,12.7300,284,1
2026-06-08,601012,11:13:45,12.7300,14,1
2026-06-08,601012,11:13:48,12.7300,137,1
2026-06-08,601012,11:13:51,12.7300,354,1
2026-06-08,601012,11:13:54,12.7300,264,1
2026-06-08,601012,11:13:57,12.7300,113,1
2026-06-08,601012,11:14:00,12.7200,47,2
2026-06-08,601012,11:14:03,12.7300,259,1
2026-06-08,601012,11:14:06,12.7300,124,1
2026-06-08,601012,11:14:09,12.7200,152,2
2026-06-08,601012,11:14:12,12.7300,558,1
2026-06-08,601012,11:14:15,12.7300,83,1
2026-06-08,601012,11:14:18,12.7300,97,1
2026-06-08,601012,11:14:21,12.7300,101,1
2026-06-08,601012,11:14:24,12.7300,72,1
2026-06-08,601012,11:14:27,12.7200,412,2
2026-06-08,601012,11:14:30,12.7200,243,2
2026-06-08,601012,11:14:33,12.7200,2461,2
2026-06-08,601012,11:14:36,12.7200,207,2
2026-06-08,601012,11:14:39,12.7200,252,2
2026-06-08,601012,11:14:42,12.7200,65,2
2026-06-08,601012,11:14:45,12.7200,130,2
2026-06-08,601012,11:14:48,12.7200,108,2
2026-06-08,601012,11:14:51,12.7200,189,2
2026-06-08,601012,11:14:54,12.7300,204,1
2026-06-08,601012,11:14:57,12.7300,822,1
2026-06-08,601012,11:15:00,12.7300,75,1
2026-06-08,601012,11:15:03,12.7300,47,1
2026-06-08,601012,11:15:06,12.7300,72,1
2026-06-08,601012,11:15:09,12.7200,525,2
2026-06-08,601012,11:15:12,12.7300,79,1
2026-06-08,601012,11:15:15,12.7300,152,1
2026-06-08,601012,11:15:18,12.7300,103,1
2026-06-08,601012,11:15:21,12.7200,60,2
2026-06-08,601012,11:15:24,12.7200,452,2
2026-06-08,601012,11:15:27,12.7200,108,2
2026-06-08,601012,11:15:30,12.7200,167,2
2026-06-08,601012,11:15:33,12.7200,319,2
2026-06-08,601012,11:15:36,12.7200,251,2
2026-06-08,601012,11:15:39,12.7200,280,2
2026-06-08,601012,11:15:42,12.7200,132,2
2026-06-08,601012,11:15:45,12.7200,131,1
2026-06-08,601012,11:15:48,12.7200,110,1
2026-06-08,601012,11:15:51,12.7200,98,1
2026-06-08,601012,11:15:54,12.7300,812,1
2026-06-08,601012,11:15:57,12.7100,925,2
2026-06-08,601012,11:16:00,12.7200,657,1
2026-06-08,601012,11:16:03,12.7300,28,1
2026-06-08,601012,11:16:06,12.7300,179,1
2026-06-08,601012,11:16:09,12.7300,233,1
2026-06-08,601012,11:16:12,12.7200,74,2
2026-06-08,601012,11:16:15,12.7200,299,2
2026-06-08,601012,11:16:18,12.7200,125,1
2026-06-08,601012,11:16:21,12.7200,72,1
2026-06-08,601012,11:16:24,12.7200,136,1
2026-06-08,601012,11:16:27,12.7200,74,1
2026-06-08,601012,11:16:30,12.7200,98,1
2026-06-08,601012,11:16:33,12.7200,219,1
2026-06-08,601012,11:16:36,12.7100,123,2
2026-06-08,601012,11:16:39,12.7200,85,1
2026-06-08,601012,11:16:42,12.7200,93,1
2026-06-08,601012,11:16:45,12.7200,36,1
2026-06-08,601012,11:16:48,12.7200,1008,1
2026-06-08,601012,11:16:51,12.7300,346,1
2026-06-08,601012,11:16:54,12.7200,46,2
2026-06-08,601012,11:16:57,12.7200,83,2
2026-06-08,601012,11:17:00,12.7300,135,1
2026-06-08,601012,11:17:03,12.7300,201,1
2026-06-08,601012,11:17:06,12.7300,33,1
2026-06-08,601012,11:17:09,12.7300,25,1
2026-06-08,601012,11:17:12,12.7300,131,1
2026-06-08,601012,11:17:15,12.7200,919,2
2026-06-08,601012,11:17:18,12.7200,113,1
2026-06-08,601012,11:17:21,12.7300,65,1
2026-06-08,601012,11:17:24,12.7200,105,2
2026-06-08,601012,11:17:27,12.7200,8,2
2026-06-08,601012,11:17:30,12.7200,171,2
2026-06-08,601012,11:17:33,12.7300,64,1
2026-06-08,601012,11:17:36,12.7300,951,1
2026-06-08,601012,11:17:39,12.7200,66,4
2026-06-08,601012,11:17:42,12.7200,82,1
2026-06-08,601012,11:17:45,12.7200,102,1
2026-06-08,601012,11:17:48,12.7200,188,1
2026-06-08,601012,11:17:51,12.7100,5072,2
2026-06-08,601012,11:17:54,12.7100,497,2
2026-06-08,601012,11:17:57,12.7200,89,1
2026-06-08,601012,11:18:00,12.7100,109,2
2026-06-08,601012,11:18:03,12.7200,124,1
2026-06-08,601012,11:18:06,12.7200,99,1
2026-06-08,601012,11:18:09,12.7200,149,1
2026-06-08,601012,11:18:12,12.7200,79,1
2026-06-08,601012,11:18:15,12.7100,2091,2
2026-06-08,601012,11:18:18,12.7100,61,1
2026-06-08,601012,11:18:21,12.7100,46,1
2026-06-08,601012,11:18:24,12.7000,42,2
2026-06-08,601012,11:18:27,12.7100,348,1
2026-06-08,601012,11:18:30,12.7100,618,1
2026-06-08,601012,11:18:33,12.7100,139,1
2026-06-08,601012,11:18:36,12.7100,536,1
2026-06-08,601012,11:18:39,12.7100,92,2
2026-06-08,601012,11:18:42,12.7100,57,2
2026-06-08,601012,11:18:45,12.7100,160,2
2026-06-08,601012,11:18:48,12.7100,36,2
2026-06-08,601012,11:18:51,12.7200,384,1
2026-06-08,601012,11:18:54,12.7200,2821,1
2026-06-08,601012,11:18:57,12.7100,329,2
2026-06-08,601012,11:19:00,12.7100,153,2
2026-06-08,601012,11:19:03,12.7100,86,2
2026-06-08,601012,11:19:06,12.7200,180,1
2026-06-08,601012,11:19:09,12.7200,697,1
2026-06-08,601012,11:19:12,12.7200,5,1
2026-06-08,601012,11:19:15,12.7100,40,2
2026-06-08,601012,11:19:18,12.7100,136,2
2026-06-08,601012,11:19:21,12.7200,22,1
2026-06-08,601012,11:19:24,12.7100,370,2
2026-06-08,601012,11:19:27,12.7100,103,2
2026-06-08,601012,11:19:30,12.7200,50,1
2026-06-08,601012,11:19:33,12.7100,116,2
2026-06-08,601012,11:19:36,12.7200,935,1
