date,code,time,price,volume,bs
2026-06-15,000001,14:06:21,11.0400,53,2
2026-06-15,000001,14:06:24,11.0400,49,2
2026-06-15,000001,14:06:30,11.0500,134,1
2026-06-15,000001,14:06:33,11.0400,13,2
2026-06-15,000001,14:06:36,11.0400,60,2
2026-06-15,000001,14:06:39,11.0500,325,1
2026-06-15,000001,14:06:42,11.0400,39,2
2026-06-15,000001,14:06:45,11.0400,1,2
2026-06-15,000001,14:06:48,11.0500,320,1
2026-06-15,000001,14:06:51,11.0400,54,2
2026-06-15,000001,14:06:54,11.0400,51,2
2026-06-15,000001,14:06:57,11.0400,38,2
2026-06-15,000001,14:07:00,11.0500,24,1
2026-06-15,000001,14:07:06,11.0400,74,2
2026-06-15,000001,14:07:09,11.0500,175,1
2026-06-15,000001,14:07:12,11.0400,34,2
2026-06-15,000001,14:07:15,11.0500,477,1
2026-06-15,000001,14:07:18,11.0400,379,2
2026-06-15,000001,14:07:24,11.0400,662,2
2026-06-15,000001,14:07:27,11.0400,1,2
2026-06-15,000001,14:07:30,11.0400,223,2
2026-06-15,000001,14:07:33,11.0400,411,2
2026-06-15,000001,14:07:36,11.0500,78,1
2026-06-15,000001,14:07:39,11.0400,351,2
2026-06-15,000001,14:07:42,11.0400,111,2
2026-06-15,000001,14:07:45,11.0400,473,2
2026-06-15,000001,14:07:48,11.0400,49,2
2026-06-15,000001,14:07:51,11.0400,33,2
2026-06-15,000001,14:07:54,11.0400,54,2
2026-06-15,000001,14:07:57,11.0400,22,2
2026-06-15,000001,14:08:00,11.0400,26,2
2026-06-15,000001,14:08:03,11.0400,56,2
2026-06-15,000001,14:08:06,11.0500,26,1
2026-06-15,000001,14:08:09,11.0400,356,2
2026-06-15,000001,14:08:12,11.0400,97,1
2026-06-15,000001,14:08:15,11.0400,705,1
2026-06-15,000001,14:08:18,11.0400,305,1
2026-06-15,000001,14:08:21,11.0400,237,2
2026-06-15,000001,14:08:24,11.0300,35,2
2026-06-15,000001,14:08:27,11.0300,45,2
2026-06-15,000001,14:08:30,11.0300,52,2
2026-06-15,000001,14:08:33,11.0400,5,1
2026-06-15,000001,14:08:36,11.0400,25,1
2026-06-15,000001,14:08:39,11.0300,49,2
2026-06-15,000001,14:08:42,11.0300,269,2
2026-06-15,000001,14:08:45,11.0400,513,1
2026-06-15,000001,14:08:48,11.0300,102,2
2026-06-15,000001,14:08:51,11.0300,784,2
2026-06-15,000001,14:08:54,11.0300,57,2
2026-06-15,000001,14:09:00,11.0300,293,2
2026-06-15,000001,14:09:03,11.0400,28,1
2026-06-15,000001,14:09:06,11.0300,48,2
2026-06-15,000001,14:09:09,11.0300,4,2
2026-06-15,000001,14:09:12,11.0300,34,2
2026-06-15,000001,14:09:15,11.0400,5214,1
2026-06-15,000001,14:09:18,11.0300,501,2
2026-06-15,000001,14:09:21,11.0400,62,1
2026-06-15,000001,14:09:24,11.0300,83,2
2026-06-15,000001,14:09:27,11.0400,1,1
2026-06-15,000001,14:09:30,11.0400,22,1
2026-06-15,000001,14:09:33,11.0300,62,2
2026-06-15,000001,14:09:36,11.0400,38,1
2026-06-15,000001,14:09:39,11.0400,40,1
2026-06-15,000001,14:09:42,11.0400,34,1
2026-06-15,000001,14:09:45,11.0400,43,1
2026-06-15,000001,14:09:48,11.0400,88,1
2026-06-15,000001,14:09:51,11.0300,295,2
2026-06-15,000001,14:09:54,11.0300,51,2
2026-06-15,000001,14:09:57,11.0400,65,1
2026-06-15,000001,14:10:00,11.0300,55,2
2026-06-15,000001,14:10:03,11.0300,115,2
2026-06-15,000001,14:10:06,11.0300,28,2
2026-06-15,000001,14:10:09,11.0300,71,2
2026-06-15,000001,14:10:12,11.0400,9,1
2026-06-15,000001,14:10:15,11.0300,1835,2
2026-06-15,000001,14:10:18,11.0300,1054,1
2026-06-15,000001,14:10:21,11.0200,35,2
2026-06-15,000001,14:10:24,11.0300,44,1
2026-06-15,000001,14:10:27,11.0300,41,1
2026-06-15,000001,14:10:30,11.0300,771,1
2026-06-15,000001,14:10:33,11.0300,143,1
2026-06-15,000001,14:10:36,11.0200,942,2
2026-06-15,000001,14:10:39,11.0200,21,2
2026-06-15,000001,14:10:42,11.0200,132,2
2026-06-15,000001,14:10:45,11.0300,1123,1
2026-06-15,000001,14:10:48,11.0200,56,2
2026-06-15,000001,14:10:51,11.0300,36,1
2026-06-15,000001,14:10:54,11.0300,42,1
2026-06-15,000001,14:10:57,11.0300,35,1
2026-06-15,000001,14:11:00,11.0300,56,1
2026-06-15,000001,14:11:03,11.0200,4599,2
2026-06-15,000001,14:11:06,11.0100,163,2
2026-06-15,000001,14:11:09,11.0200,115,1
2026-06-15,000001,14:11:12,11.0200,33,1
2026-06-15,000001,14:11:15,11.0200,95,1
2026-06-15,000001,14:11:18,11.0100,1,2
2026-06-15,000001,14:11:21,11.0200,75,1
2026-06-15,000001,14:11:24,11.0200,417,1
2026-06-15,000001,14:11:27,11.0200,243,1
2026-06-15,000001,14:11:30,11.0200,183,1
2026-06-15,000001,14:11:33,11.0100,29,2
2026-06-15,000001,14:11:36,11.0100,134,2
2026-06-15,000001,14:11:39,11.0100,115,2
2026-06-15,000001,14:11:42,11.0100,22,2
2026-06-15,000001,14:11:45,11.0200,38,1
2026-06-15,000001,14:11:48,11.0100,9,2
2026-06-15,000001,14:11:51,11.0200,240,1
2026-06-15,000001,14:11:54,11.0100,92,2
2026-06-15,000001,14:11:57,11.0200,906,1
2026-06-15,000001,14:12:00,11.0200,174,1
2026-06-15,000001,14:12:03,11.0200,21,1
2026-06-15,000001,14:12:06,11.0200,27,1
2026-06-15,000001,14:12:09,11.0200,55,1
2026-06-15,000001,14:12:12,11.0200,126,1
2026-06-15,000001,14:12:15,11.0200,46,1
2026-06-15,000001,14:12:18,11.0200,46,1
2026-06-15,000001,14:12:21,11.0100,37,2
2026-06-15,000001,14:12:24,11.0200,46,1
2026-06-15,000001,14:12:27,11.0100,35,2
2026-06-15,000001,14:12:30,11.0200,113,1
2026-06-15,000001,14:12:33,11.0200,37,1
2026-06-15,000001,14:12:36,11.0200,199,1
2026-06-15,000001,14:12:39,11.0200,2,1
2026-06-15,000001,14:12:42,11.0100,6,2
2026-06-15,000001,14:12:45,11.0200,43,1
2026-06-15,000001,14:12:48,11.0100,60,2
2026-06-15,000001,14:12:51,11.0200,42,1
2026-06-15,000001,14:12:54,11.0200,101,1
2026-06-15,000001,14:12:57,11.0100,110,2
2026-06-15,000001,14:13:00,11.0200,3,1
2026-06-15,000001,14:13:03,11.0100,19,2
2026-06-15,000001,14:13:06,11.0100,385,2
2026-06-15,000001,14:13:09,11.0100,5088,2
2026-06-15,000001,14:13:12,11.0100,44,2
2026-06-15,000001,14:13:15,11.0100,63,2
2026-06-15,000001,14:13:18,11.0100,939,2
2026-06-15,000001,14:13:21,11.0200,5092,1
2026-06-15,000001,14:13:24,11.0200,779,1
2026-06-15,000001,14:13:27,11.0100,28,2
2026-06-15,000001,14:13:30,11.0200,16,1
2026-06-15,000001,14:13:33,11.0200,59,1
2026-06-15,000001,14:13:36,11.0200,84,1
2026-06-15,000001,14:13:39,11.0100,71,2
2026-06-15,000001,14:13:42,11.0100,1540,2
2026-06-15,000001,14:13:45,11.0100,57,2
2026-06-15,000001,14:13:51,11.0200,36,1
2026-06-15,000001,14:13:54,11.0100,21,2
2026-06-15,000001,14:13:57,11.0200,41,1
2026-06-15,000001,14:14:00,11.0200,107,1
2026-06-15,000001,14:14:03,11.0200,213,1
2026-06-15,000001,14:14:06,11.0100,53,2
2026-06-15,000001,14:14:09,11.0100,139,2
2026-06-15,000001,14:14:12,11.0200,28,1
2026-06-15,000001,14:14:15,11.0100,140,2
2026-06-15,000001,14:14:18,11.0200,78,1
2026-06-15,000001,14:14:21,11.0200,37,1
2026-06-15,000001,14:14:24,11.0200,2,1
2026-06-15,000001,14:14:27,11.0100,5,2
2026-06-15,000001,14:14:30,11.0100,108,2
2026-06-15,000001,14:14:33,11.0200,10,1
2026-06-15,000001,14:14:36,11.0200,145,1
2026-06-15,000001,14:14:39,11.0200,2229,1
2026-06-15,000001,14:14:42,11.0200,152,1
2026-06-15,000001,14:14:45,11.0200,133,1
2026-06-15,000001,14:14:48,11.0200,262,1
2026-06-15,000001,14:14:51,11.0200,19,1
2026-06-15,000001,14:14:54,11.0200,185,2
2026-06-15,000001,14:14:57,11.0300,94,1
2026-06-15,000001,14:15:00,11.0200,6,2
2026-06-15,000001,14:15:03,11.0200,235,2
2026-06-15,000001,14:15:06,11.0300,41,1
2026-06-15,000001,14:15:09,11.0300,44,1
2026-06-15,000001,14:15:12,11.0300,67,1
2026-06-15,000001,14:15:15,11.0300,84,1
2026-06-15,000001,14:15:18,11.0300,40,1
2026-06-15,000001,14:15:21,11.0300,76,1
2026-06-15,000001,14:15:24,11.0300,83,1
2026-06-15,000001,14:15:27,11.0300,56,1
2026-06-15,000001,14:15:30,11.0200,51,2
2026-06-15,000001,14:15:36,11.0300,54,1
2026-06-15,000001,14:15:39,11.0300,247,1
2026-06-15,000001,14:15:42,11.0200,32,2
2026-06-15,000001,14:15:45,11.0200,16,2
2026-06-15,000001,14:15:51,11.0200,56,2
2026-06-15,000001,14:15:54,11.0200,100,2
2026-06-15,000001,14:15:57,11.0300,209,1
2026-06-15,000001,14:16:00,11.0200,68,2
2026-06-15,000001,14:16:03,11.0200,9,2
2026-06-15,000001,14:16:06,11.0300,53,1
2026-06-15,000001,14:16:09,11.0300,21,1
2026-06-15,000001,14:16:12,11.0300,82,1
2026-06-15,000001,14:16:15,11.0300,69,1
2026-06-15,000001,14:16:18,11.0300,435,1
2026-06-15,000001,14:16:21,11.0300,205,1
2026-06-15,000001,14:16:24,11.0300,314,2
2026-06-15,000001,14:16:27,11.0300,24,4
2026-06-15,000001,14:16:30,11.0200,36,2
2026-06-15,000001,14:16:33,11.0200,15,2
2026-06-15,000001,14:16:36,11.0300,33,1
2026-06-15,000001,14:16:39,11.0200,50,2
2026-06-15,000001,14:16:42,11.0300,176,1
2026-06-15,000001,14:16:45,11.0200,151,2
2026-06-15,000001,14:16:48,11.0200,21,2
2026-06-15,000001,14:16:51,11.0300,128,1
2026-06-15,000001,14:16:54,11.0200,47,2
2026-06-15,000001,14:16:57,11.0300,39,1
2026-06-15,000001,14:17:00,11.0200,153,2
2026-06-15,000001,14:17:03,11.0200,251,2
2026-06-15,000001,14:17:06,11.0300,234,1
2026-06-15,000001,14:17:09,11.0200,55,2
2026-06-15,000001,14:17:12,11.0200,15,2
2026-06-15,000001,14:17:15,11.0200,235,2
2026-06-15,000001,14:17:18,11.0200,91,2
2026-06-15,000001,14:17:21,11.0300,177,1
2026-06-15,000001,14:17:24,11.0200,45,2
2026-06-15,000001,14:17:27,11.0200,279,2
2026-06-15,000001,14:17:30,11.0300,6,1
2026-06-15,000001,14:17:33,11.0200,19,2
2026-06-15,000001,14:17:36,11.0300,36,1
2026-06-15,000001,14:17:39,11.0200,29,2
2026-06-15,000001,14:17:42,11.0200,26,2
2026-06-15,000001,14:17:48,11.0300,4,1
2026-06-15,000001,14:17:51,11.0200,20,2
2026-06-15,000001,14:17:54,11.0200,16,2
2026-06-15,000001,14:17:57,11.0200,226,2
2026-06-15,000001,14:18:00,11.0200,1920,2
2026-06-15,000001,14:18:03,11.0200,1900,2
2026-06-15,000001,14:18:06,11.0200,239,2
2026-06-15,000001,14:18:09,11.0200,60,2
2026-06-15,000001,14:18:12,11.0200,79,2
2026-06-15,000001,14:18:15,11.0200,1172,2
2026-06-15,000001,14:18:18,11.0300,30,1
2026-06-15,000001,14:18:21,11.0300,18,1
2026-06-15,000001,14:18:24,11.0300,53,1
2026-06-15,000001,14:18:27,11.0200,66,2
2026-06-15,000001,14:18:30,11.0200,57,2
2026-06-15,000001,14:18:33,11.0200,25,2
2026-06-15,000001,14:18:36,11.0200,50,2
2026-06-15,000001,14:18:39,11.0200,37,2
2026-06-15,000001,14:18:42,11.0200,37,2
2026-06-15,000001,14:18:45,11.0200,1,2
2026-06-15,000001,14:18:48,11.0200,17,2
2026-06-15,000001,14:18:51,11.0200,54,2
2026-06-15,000001,14:18:54,11.0200,16,2
2026-06-15,000001,14:18:57,11.0200,71,2
2026-06-15,000001,14:19:00,11.0100,562,2
2026-06-15,000001,14:19:03,11.0100,432,2
2026-06-15,000001,14:19:06,11.0100,560,2
2026-06-15,000001,14:19:09,11.0200,88,1
2026-06-15,000001,14:19:12,11.0200,204,1
2026-06-15,000001,14:19:15,11.0200,572,1
2026-06-15,000001,14:19:18,11.0200,131,1
2026-06-15,000001,14:19:21,11.0100,120,2
2026-06-15,000001,14:19:24,11.0200,18,1
2026-06-15,000001,14:19:27,11.0200,173,1
2026-06-15,000001,14:19:30,11.0100,126,2
2026-06-15,000001,14:19:33,11.0100,28,2
2026-06-15,000001,14:19:36,11.0200,45,1
2026-06-15,000001,14:19:39,11.0200,121,1
2026-06-15,000001,14:19:42,11.0200,1,1
2026-06-15,000001,14:19:48,11.0200,318,1
2026-06-15,000001,14:19:51,11.0200,57,1
2026-06-15,000001,14:19:54,11.0200,89,1
2026-06-15,000001,14:19:57,11.0200,183,1
2026-06-15,000001,14:20:00,11.0100,30,2
2026-06-15,000001,14:20:03,11.0100,56,2
2026-06-15,000001,14:20:06,11.0100,71,2
2026-06-15,000001,14:20:09,11.0100,33,2
2026-06-15,000001,14:20:12,11.0100,17,2
2026-06-15,000001,14:20:15,11.0200,4,1
2026-06-15,000001,14:20:18,11.0200,14,1
2026-06-15,000001,14:20:21,11.0100,45,2
2026-06-15,000001,14:20:24,11.0100,18,2
2026-06-15,000001,14:20:27,11.0100,620,2
2026-06-15,000001,14:20:30,11.0100,407,2
2026-06-15,000001,14:20:33,11.0100,9,2
2026-06-15,000001,14:20:36,11.0100,78,2
2026-06-15,000001,14:20:39,11.0200,55,1
2026-06-15,000001,14:20:42,11.0200,49,1
2026-06-15,000001,14:20:45,11.0200,72,1
2026-06-15,000001,14:20:48,11.0100,65,2
2026-06-15,000001,14:20:51,11.0200,307,1
2026-06-15,000001,14:20:54,11.0100,564,2
2026-06-15,000001,14:20:57,11.0100,80,2
2026-06-15,000001,14:21:00,11.0100,287,2
2026-06-15,000001,14:21:03,11.0100,54,2
2026-06-15,000001,14:21:06,11.0100,42,2
2026-06-15,000001,14:21:09,11.0100,70,2
2026-06-15,000001,14:21:12,11.0000,2489,2
2026-06-15,000001,14:21:15,11.0100,625,1
2026-06-15,000001,14:21:18,11.0100,154,2
2026-06-15,000001,14:21:21,11.0200,62,1
2026-06-15,000001,14:21:24,11.0100,340,2
2026-06-15,000001,14:21:27,11.0100,282,2
2026-06-15,000001,14:21:30,11.0100,150,2
2026-06-15,000001,14:21:33,11.0100,2,2
2026-06-15,000001,14:21:36,11.0100,85,2
2026-06-15,000001,14:21:39,11.0200,92,1
2026-06-15,000001,14:21:42,11.0200,6,1
2026-06-15,000001,14:21:45,11.0200,1,1
2026-06-15,000001,14:21:48,11.0100,36,2
2026-06-15,000001,14:21:51,11.0200,10,1
2026-06-15,000001,14:21:54,11.0200,127,1
2026-06-15,000001,14:21:57,11.0100,88,2
2026-06-15,000001,14:22:00,11.0100,16,2
2026-06-15,000001,14:22:03,11.0100,64,2
2026-06-15,000001,14:22:06,11.0100,22,2
2026-06-15,000001,14:22:09,11.0100,47,2
2026-06-15,000001,14:22:12,11.0200,336,1
2026-06-15,000001,14:22:15,11.0100,27,2
2026-06-15,000001,14:22:18,11.0200,43,1
2026-06-15,000001,14:22:21,11.0200,68,1
2026-06-15,000001,14:22:24,11.0100,781,2
2026-06-15,000001,14:22:27,11.0100,167,2
2026-06-15,000001,14:22:30,11.0200,39,1
2026-06-15,000001,14:22:33,11.0100,126,2
2026-06-15,000001,14:22:36,11.0100,70,2
2026-06-15,000001,14:22:39,11.0100,25,2
2026-06-15,000001,14:22:42,11.0100,13,2
2026-06-15,000001,14:22:45,11.0100,136,2
2026-06-15,000001,14:22:51,11.0200,11,1
2026-06-15,000001,14:22:54,11.0200,28,1
2026-06-15,000001,14:22:57,11.0200,70,1
2026-06-15,000001,14:23:00,11.0100,47,2
2026-06-15,000001,14:23:03,11.0100,96,2
2026-06-15,000001,14:23:06,11.0200,40,1
2026-06-15,000001,14:23:09,11.0100,149,2
2026-06-15,000001,14:23:12,11.0100,35,2
2026-06-15,000001,14:23:15,11.0200,18,1
2026-06-15,000001,14:23:18,11.0100,34,2
2026-06-15,000001,14:23:21,11.0200,75,1
2026-06-15,000001,14:23:24,11.0100,15,2
2026-06-15,000001,14:23:27,11.0100,247,2
2026-06-15,000001,14:23:30,11.0100,2,2
2026-06-15,000001,14:23:33,11.0100,45,2
2026-06-15,000001,14:23:36,11.0100,38,2
2026-06-15,000001,14:23:39,11.0100,24,2
2026-06-15,000001,14:23:42,11.0200,53,1
2026-06-15,000001,14:23:45,11.0200,50,1
2026-06-15,000001,14:23:48,11.0200,19,1
2026-06-15,000001,14:23:51,11.0100,62,2
2026-06-15,000001,14:23:54,11.0100,16,2
2026-06-15,000001,14:23:57,11.0200,59,1
2026-06-15,000001,14:24:00,11.0200,27,1
2026-06-15,000001,14:24:03,11.0100,93,2
2026-06-15,000001,14:24:06,11.0200,23,1
2026-06-15,000001,14:24:12,11.0100,29,2
2026-06-15,000001,14:24:15,11.0100,48,2
2026-06-15,000001,14:24:18,11.0200,28,1
2026-06-15,000001,14:24:21,11.0100,31,2
2026-06-15,000001,14:24:24,11.0200,19,1
2026-06-15,000001,14:24:27,11.0100,36,2
2026-06-15,000001,14:24:30,11.0100,504,2
2026-06-15,000001,14:24:33,11.0200,39,1
2026-06-15,000001,14:24:36,11.0200,381,1
2026-06-15,000001,14:24:39,11.0100,40,2
2026-06-15,000001,14:24:42,11.0100,449,2
2026-06-15,000001,14:24:45,11.0100,267,2
2026-06-15,000001,14:24:48,11.0100,19,2
2026-06-15,000001,14:24:51,11.0100,36,2
2026-06-15,000001,14:24:54,11.0200,24,1
2026-06-15,000001,14:24:57,11.0100,5,2
2026-06-15,000001,14:25:00,11.0200,108,1
2026-06-15,000001,14:25:03,11.0200,92,1
2026-06-15,000001,14:25:06,11.0200,137,1
2026-06-15,000001,14:25:09,11.0100,67,2
2026-06-15,000001,14:25:12,11.0200,93,1
2026-06-15,000001,14:25:15,11.0100,473,2
2026-06-15,000001,14:25:18,11.0200,80,1
2026-06-15,000001,14:25:21,11.0200,28,1
2026-06-15,000001,14:25:24,11.0100,136,2
2026-06-15,000001,14:25:27,11.0200,47,1
2026-06-15,000001,14:25:30,11.0100,92,2
2026-06-15,000001,14:25:33,11.0200,213,1
2026-06-15,000001,14:25:36,11.0200,120,1
2026-06-15,000001,14:25:39,11.0200,94,1
2026-06-15,000001,14:25:42,11.0100,54,2
2026-06-15,000001,14:25:45,11.0200,29,1
2026-06-15,000001,14:25:48,11.0200,227,1
2026-06-15,000001,14:25:51,11.0100,249,2
2026-06-15,000001,14:25:54,11.0100,27,2
2026-06-15,000001,14:25:57,11.0200,10,1
2026-06-15,000001,14:26:00,11.0200,242,1
2026-06-15,000001,14:26:03,11.0200,100,1
2026-06-15,000001,14:26:12,11.0200,7,1
2026-06-15,000001,14:26:15,11.0100,482,2
2026-06-15,000001,14:26:18,11.0200,36,1
2026-06-15,000001,14:26:21,11.0100,65,2
2026-06-15,000001,14:26:24,11.0200,111,1
2026-06-15,000001,14:26:27,11.0200,265,1
2026-06-15,000001,14:26:30,11.0200,94,1
2026-06-15,000001,14:26:33,11.0200,44,1
2026-06-15,000001,14:26:36,11.0200,57,1
2026-06-15,000001,14:26:39,11.0200,51,1
2026-06-15,000001,14:26:42,11.0200,43,1
2026-06-15,000001,14:26:45,11.0100,36,2
2026-06-15,000001,14:26:48,11.0200,131,1
2026-06-15,000001,14:26:51,11.0100,15,2
2026-06-15,000001,14:26:54,11.0200,27,1
2026-06-15,000001,14:26:57,11.0200,429,1
2026-06-15,000001,14:27:00,11.0200,34,1
2026-06-15,000001,14:27:03,11.0100,23,2
2026-06-15,000001,14:27:06,11.0200,245,1
2026-06-15,000001,14:27:09,11.0200,99,1
2026-06-15,000001,14:27:12,11.0200,65,1
2026-06-15,000001,14:27:15,11.0200,235,1
2026-06-15,000001,14:27:18,11.0200,363,1
2026-06-15,000001,14:27:21,11.0100,98,2
2026-06-15,000001,14:27:24,11.0200,393,1
2026-06-15,000001,14:27:27,11.0100,59,2
2026-06-15,000001,14:27:30,11.0200,115,1
2026-06-15,000001,14:27:33,11.0100,50,2
2026-06-15,000001,14:27:36,11.0100,73,2
2026-06-15,000001,14:27:39,11.0100,8,2
2026-06-15,000001,14:27:42,11.0200,35,1
2026-06-15,000001,14:27:45,11.0200,7,1
2026-06-15,000001,14:27:48,11.0200,13,1
2026-06-15,000001,14:27:51,11.0200,10,1
2026-06-15,000001,14:27:54,11.0200,42,1
2026-06-15,000001,14:27:57,11.0200,548,1
2026-06-15,000001,14:28:00,11.0100,498,2
2026-06-15,000001,14:28:03,11.0200,88,1
2026-06-15,000001,14:28:06,11.0200,110,1
2026-06-15,000001,14:28:09,11.0200,61,1
2026-06-15,000001,14:28:12,11.0200,195,1
2026-06-15,000001,14:28:15,11.0200,7,1
2026-06-15,000001,14:28:18,11.0200,366,1
2026-06-15,000001,14:28:21,11.0100,71,2
2026-06-15,000001,14:28:24,11.0200,161,1
2026-06-15,000001,14:28:27,11.0200,31,1
2026-06-15,000001,14:28:30,11.0100,580,2
2026-06-15,000001,14:28:33,11.0100,149,2
2026-06-15,000001,14:28:36,11.0200,382,1
2026-06-15,000001,14:28:39,11.0100,105,2
2026-06-15,000001,14:28:42,11.0200,428,1
2026-06-15,000001,14:28:45,11.0200,84,1
2026-06-15,000001,14:28:48,11.0100,72,2
2026-06-15,000001,14:28:51,11.0200,239,1
2026-06-15,000001,14:28:54,11.0200,164,1
2026-06-15,000001,14:28:57,11.0200,50,1
2026-06-15,000001,14:29:00,11.0200,38,1
2026-06-15,000001,14:29:03,11.0200,91,1
2026-06-15,000001,14:29:06,11.0100,62,2
2026-06-15,000001,14:29:09,11.0200,504,1
2026-06-15,000001,14:29:12,11.0200,11,1
2026-06-15,000001,14:29:15,11.0200,65,1
2026-06-15,000001,14:29:18,11.0200,160,1
2026-06-15,000001,14:29:21,11.0100,65,2
2026-06-15,000001,14:29:24,11.0100,268,2
2026-06-15,000001,14:29:27,11.0100,66,2
2026-06-15,000001,14:29:30,11.0100,72,2
2026-06-15,000001,14:29:33,11.0100,56,2
2026-06-15,000001,14:29:36,11.0100,158,2
2026-06-15,000001,14:29:39,11.0100,52,2
2026-06-15,000001,14:29:42,11.0200,56,1
2026-06-15,000001,14:29:45,11.0200,45,1
2026-06-15,000001,14:29:48,11.0200,20,1
2026-06-15,000001,14:29:51,11.0100,6,2
2026-06-15,000001,14:29:54,11.0100,80,2
2026-06-15,000001,14:29:57,11.0200,168,1
2026-06-15,000001,14:30:00,11.0200,142,1
2026-06-15,000001,14:30:03,11.0100,6567,2
2026-06-15,000001,14:30:06,11.0100,420,2
2026-06-15,000001,14:30:09,11.0100,718,2
2026-06-15,000001,14:30:12,11.0200,523,1
2026-06-15,000001,14:30:15,11.0200,237,1
2026-06-15,000001,14:30:18,11.0200,1606,1
2026-06-15,000001,14:30:21,11.0200,1593,2
2026-06-15,000001,14:30:24,11.0200,30,1
2026-06-15,000001,14:30:27,11.0200,803,1
2026-06-15,000001,14:30:30,11.0200,117,2
2026-06-15,000001,14:30:33,11.0100,567,2
2026-06-15,000001,14:30:36,11.0200,99,1
2026-06-15,000001,14:30:39,11.0200,127,1
2026-06-15,000001,14:30:42,11.0300,29,1
2026-06-15,000001,14:30:45,11.0200,48,1
2026-06-15,000001,14:30:48,11.0200,40,1
2026-06-15,000001,14:30:51,11.0300,98,1
2026-06-15,000001,14:30:54,11.0200,42,2
2026-06-15,000001,14:30:57,11.0200,616,2
2026-06-15,000001,14:31:00,11.0200,93,2
2026-06-15,000001,14:31:03,11.0200,25,2
2026-06-15,000001,14:31:06,11.0200,103,2
2026-06-15,000001,14:31:09,11.0200,227,2
2026-06-15,000001,14:31:12,11.0200,39,2
2026-06-15,000001,14:31:15,11.0200,26,2
2026-06-15,000001,14:31:18,11.0200,224,2
2026-06-15,000001,14:31:21,11.0200,98,2
2026-06-15,000001,14:31:24,11.0300,173,1
2026-06-15,000001,14:31:27,11.0300,73,1
2026-06-15,000001,14:31:30,11.0300,96,1
2026-06-15,000001,14:31:33,11.0200,92,2
2026-06-15,000001,14:31:36,11.0200,91,2
2026-06-15,000001,14:31:39,11.0300,212,1
2026-06-15,000001,14:31:42,11.0300,66,1
2026-06-15,000001,14:31:45,11.0200,217,2
2026-06-15,000001,14:31:48,11.0300,239,1
2026-06-15,000001,14:31:51,11.0300,106,1
2026-06-15,000001,14:31:54,11.0200,132,2
2026-06-15,000001,14:31:57,11.0200,205,2
2026-06-15,000001,14:32:00,11.0200,44,2
2026-06-15,000001,14:32:03,11.0300,38,1
2026-06-15,000001,14:32:06,11.0200,2135,2
2026-06-15,000001,14:32:09,11.0200,165,2
2026-06-15,000001,14:32:12,11.0200,22,2
2026-06-15,000001,14:32:15,11.0200,38,2
2026-06-15,000001,14:32:18,11.0200,116,2
2026-06-15,000001,14:32:21,11.0200,1075,2
2026-06-15,000001,14:32:24,11.0200,160,2
2026-06-15,000001,14:32:27,11.0200,47,2
2026-06-15,000001,14:32:30,11.0200,10,2
2026-06-15,000001,14:32:33,11.0200,105,2
2026-06-15,000001,14:32:36,11.0300,1397,1
2026-06-15,000001,14:32:39,11.0200,419,2
2026-06-15,000001,14:32:42,11.0200,194,2
2026-06-15,000001,14:32:45,11.0200,1271,2
2026-06-15,000001,14:32:48,11.0300,45,1
2026-06-15,000001,14:32:51,11.0200,31,2
2026-06-15,000001,14:32:54,11.0300,2,1
2026-06-15,000001,14:32:57,11.0200,1178,2
2026-06-15,000001,14:33:00,11.0200,24,2
2026-06-15,000001,14:33:03,11.0200,67,2
2026-06-15,000001,14:33:06,11.0200,149,2
2026-06-15,000001,14:33:09,11.0300,121,1
2026-06-15,000001,14:33:12,11.0300,23,1
2026-06-15,000001,14:33:15,11.0300,58,1
2026-06-15,000001,14:33:18,11.0300,32,1
2026-06-15,000001,14:33:21,11.0300,107,1
2026-06-15,000001,14:33:24,11.0200,36,2
2026-06-15,000001,14:33:27,11.0300,702,1
2026-06-15,000001,14:33:30,11.0300,2,1
2026-06-15,000001,14:33:33,11.0300,21,1
2026-06-15,000001,14:33:36,11.0200,23,2
2026-06-15,000001,14:33:39,11.0200,2,2
2026-06-15,000001,14:33:45,11.0200,112,2
2026-06-15,000001,14:33:48,11.0300,125,1
2026-06-15,000001,14:33:51,11.0300,15,1
2026-06-15,000001,14:33:54,11.0300,771,1
2026-06-15,000001,14:33:57,11.0300,132,1
2026-06-15,000001,14:34:00,11.0400,1630,1
2026-06-15,000001,14:34:03,11.0400,933,1
2026-06-15,000001,14:34:06,11.0300,194,2
2026-06-15,000001,14:34:09,11.0400,10,1
2026-06-15,000001,14:34:12,11.0300,117,2
2026-06-15,000001,14:34:15,11.0300,415,2
2026-06-15,000001,14:34:18,11.0300,366,2
2026-06-15,000001,14:34:21,11.0300,413,2
2026-06-15,000001,14:34:24,11.0200,263,2
2026-06-15,000001,14:34:27,11.0300,171,1
2026-06-15,000001,14:34:30,11.0300,131,1
2026-06-15,000001,14:34:33,11.0300,263,1
2026-06-15,000001,14:34:36,11.0300,165,2
2026-06-15,000001,14:34:39,11.0300,346,1
2026-06-15,000001,14:34:42,11.0300,85,1
2026-06-15,000001,14:34:45,11.0300,283,1
2026-06-15,000001,14:34:48,11.0300,226,2
2026-06-15,000001,14:34:51,11.0300,85,2
2026-06-15,000001,14:34:54,11.0300,236,2
2026-06-15,000001,14:34:57,11.0300,173,1
2026-06-15,000001,14:35:00,11.0300,135,1
2026-06-15,000001,14:35:03,11.0300,243,1
2026-06-15,000001,14:35:06,11.0300,52,1
2026-06-15,000001,14:35:09,11.0300,871,2
2026-06-15,000001,14:35:12,11.0200,54,2
2026-06-15,000001,14:35:15,11.0300,53,1
2026-06-15,000001,14:35:18,11.0200,53,2
2026-06-15,000001,14:35:21,11.0200,16,2
2026-06-15,000001,14:35:24,11.0300,43,1
2026-06-15,000001,14:35:27,11.0200,97,2
2026-06-15,000001,14:35:30,11.0300,46,1
2026-06-15,000001,14:35:33,11.0200,87,2
2026-06-15,000001,14:35:36,11.0200,74,2
2026-06-15,000001,14:35:39,11.0200,82,2
2026-06-15,000001,14:35:42,11.0300,75,1
2026-06-15,000001,14:35:45,11.0200,197,2
2026-06-15,000001,14:35:48,11.0200,198,2
2026-06-15,000001,14:35:51,11.0300,36,1
2026-06-15,000001,14:35:54,11.0300,42,1
2026-06-15,000001,14:35:57,11.0300,24,1
2026-06-15,000001,14:36:00,11.0300,48,1
2026-06-15,000001,14:36:03,11.0300,117,1
2026-06-15,000001,14:36:06,11.0300,120,1
2026-06-15,000001,14:36:09,11.0300,4,1
2026-06-15,000001,14:36:12,11.0300,42,1
2026-06-15,000001,14:36:15,11.0300,219,1
2026-06-15,000001,14:36:18,11.0200,35,2
2026-06-15,000001,14:36:21,11.0300,36,1
2026-06-15,000001,14:36:24,11.0200,24,2
2026-06-15,000001,14:36:27,11.0200,84,2
2026-06-15,000001,14:36:30,11.0300,100,1
2026-06-15,000001,14:36:33,11.0300,11,1
2026-06-15,000001,14:36:36,11.0200,21,2
2026-06-15,000001,14:36:39,11.0300,36,1
2026-06-15,000001,14:36:42,11.0300,271,1
2026-06-15,000001,14:36:45,11.0300,24,1
2026-06-15,000001,14:36:48,11.0300,213,1
2026-06-15,000001,14:36:51,11.0300,47,1
2026-06-15,000001,14:36:54,11.0300,57,1
2026-06-15,000001,14:36:57,11.0300,5,1
2026-06-15,000001,14:37:00,11.0300,46,1
2026-06-15,000001,14:37:03,11.0300,33,1
2026-06-15,000001,14:37:06,11.0300,61,1
2026-06-15,000001,14:37:09,11.0300,53,1
2026-06-15,000001,14:37:12,11.0200,81,2
2026-06-15,000001,14:37:15,11.0300,49,1
2026-06-15,000001,14:37:18,11.0200,82,2
2026-06-15,000001,14:37:21,11.0200,33,2
2026-06-15,000001,14:37:24,11.0200,162,2
2026-06-15,000001,14:37:27,11.0200,213,2
2026-06-15,000001,14:37:30,11.0300,200,1
2026-06-15,000001,14:37:33,11.0300,102,1
2026-06-15,000001,14:37:36,11.0200,5,2
2026-06-15,000001,14:37:39,11.0200,160,2
2026-06-15,000001,14:37:42,11.0300,68,1
2026-06-15,000001,14:37:45,11.0300,32,1
2026-06-15,000001,14:37:48,11.0200,44,2
2026-06-15,000001,14:37:51,11.0300,157,1
2026-06-15,000001,14:37:54,11.0300,24,1
2026-06-15,000001,14:37:57,11.0300,8,1
2026-06-15,000001,14:38:00,11.0300,96,1
2026-06-15,000001,14:38:03,11.0200,131,2
2026-06-15,000001,14:38:06,11.0200,424,2
2026-06-15,000001,14:38:09,11.0200,89,2
2026-06-15,000001,14:38:12,11.0200,209,2
2026-06-15,000001,14:38:15,11.0200,94,2
2026-06-15,000001,14:38:18,11.0200,216,2
2026-06-15,000001,14:38:21,11.0300,78,1
2026-06-15,000001,14:38:24,11.0300,44,1
2026-06-15,000001,14:38:27,11.0300,92,1
2026-06-15,000001,14:38:30,11.0300,57,1
2026-06-15,000001,14:38:33,11.0300,57,1
2026-06-15,000001,14:38:36,11.0300,75,1
2026-06-15,000001,14:38:39,11.0200,123,2
2026-06-15,000001,14:38:42,11.0300,167,1
2026-06-15,000001,14:38:45,11.0300,325,1
2026-06-15,000001,14:38:48,11.0300,12,1
2026-06-15,000001,14:38:51,11.0300,61,1
2026-06-15,000001,14:38:54,11.0300,33,1
2026-06-15,000001,14:38:57,11.0300,52,1
2026-06-15,000001,14:39:00,11.0300,108,1
2026-06-15,000001,14:39:03,11.0200,21,2
2026-06-15,000001,14:39:06,11.0200,144,2
2026-06-15,000001,14:39:09,11.0300,234,1
2026-06-15,000001,14:39:12,11.0200,65,2
2026-06-15,000001,14:39:15,11.0300,30,1
2026-06-15,000001,14:39:18,11.0300,19,1
2026-06-15,000001,14:39:21,11.0200,32,2
2026-06-15,000001,14:39:24,11.0200,20,2
2026-06-15,000001,14:39:27,11.0300,98,1
2026-06-15,000001,14:39:30,11.0300,125,1
2026-06-15,000001,14:39:33,11.0300,40,1
2026-06-15,000001,14:39:36,11.0200,552,2
2026-06-15,000001,14:39:39,11.0300,2135,1
2026-06-15,000001,14:39:42,11.0300,771,1
2026-06-15,000001,14:39:45,11.0300,448,2
2026-06-15,000001,14:39:48,11.0400,464,1
2026-06-15,000001,14:39:51,11.0400,176,1
2026-06-15,000001,14:39:54,11.0300,92,2
2026-06-15,000001,14:39:57,11.0400,193,1
2026-06-15,000001,14:40:00,11.0300,26,2
2026-06-15,000001,14:40:03,11.0400,66,1
2026-06-15,000001,14:40:06,11.0400,47,1
2026-06-15,000001,14:40:09,11.0400,24,1
2026-06-15,000001,14:40:12,11.0400,27,1
2026-06-15,000001,14:40:15,11.0400,5,1
2026-06-15,000001,14:40:18,11.0400,27,1
2026-06-15,000001,14:40:21,11.0400,211,1
2026-06-15,000001,14:40:24,11.0300,169,2
2026-06-15,000001,14:40:27,11.0300,57,2
2026-06-15,000001,14:40:30,11.0300,76,2
2026-06-15,000001,14:40:33,11.0400,74,1
2026-06-15,000001,14:40:36,11.0300,610,2
2026-06-15,000001,14:40:39,11.0400,368,1
2026-06-15,000001,14:40:42,11.0300,363,2
2026-06-15,000001,14:40:45,11.0400,46,1
2026-06-15,000001,14:40:48,11.0300,349,2
2026-06-15,000001,14:40:51,11.0400,487,1
2026-06-15,000001,14:40:54,11.0300,1091,2
2026-06-15,000001,14:40:57,11.0200,629,2
2026-06-15,000001,14:41:00,11.0400,466,1
2026-06-15,000001,14:41:03,11.0200,81,2
2026-06-15,000001,14:41:06,11.0300,69,2
2026-06-15,000001,14:41:09,11.0400,66,1
2026-06-15,000001,14:41:12,11.0400,14,1
2026-06-15,000001,14:41:15,11.0400,47,1
2026-06-15,000001,14:41:18,11.0400,46,1
2026-06-15,000001,14:41:21,11.0400,13,1
2026-06-15,000001,14:41:24,11.0400,46,1
2026-06-15,000001,14:41:27,11.0300,39,2
2026-06-15,000001,14:41:30,11.0400,43,1
2026-06-15,000001,14:41:33,11.0300,243,2
2026-06-15,000001,14:41:36,11.0300,121,2
2026-06-15,000001,14:41:39,11.0300,105,2
2026-06-15,000001,14:41:42,11.0300,160,2
2026-06-15,000001,14:41:45,11.0400,70,1
2026-06-15,000001,14:41:48,11.0400,19,1
2026-06-15,000001,14:41:51,11.0400,65,1
2026-06-15,000001,14:41:54,11.0300,30,2
2026-06-15,000001,14:41:57,11.0300,91,2
2026-06-15,000001,14:42:00,11.0400,225,1
2026-06-15,000001,14:42:03,11.0400,2,1
2026-06-15,000001,14:42:06,11.0300,6,2
2026-06-15,000001,14:42:09,11.0400,230,1
2026-06-15,000001,14:42:12,11.0400,104,1
2026-06-15,000001,14:42:15,11.0400,28,1
2026-06-15,000001,14:42:18,11.0400,99,1
2026-06-15,000001,14:42:21,11.0300,292,2
2026-06-15,000001,14:42:24,11.0400,101,1
2026-06-15,000001,14:42:27,11.0400,1923,1
2026-06-15,000001,14:42:30,11.0300,585,2
2026-06-15,000001,14:42:33,11.0400,49,1
2026-06-15,000001,14:42:36,11.0300,266,2
2026-06-15,000001,14:42:39,11.0300,284,2
2026-06-15,000001,14:42:42,11.0300,169,2
2026-06-15,000001,14:42:45,11.0300,62,2
2026-06-15,000001,14:42:48,11.0400,88,1
2026-06-15,000001,14:42:51,11.0400,365,1
2026-06-15,000001,14:42:54,11.0400,104,1
2026-06-15,000001,14:42:57,11.0300,167,2
2026-06-15,000001,14:43:00,11.0400,6,1
2026-06-15,000001,14:43:03,11.0400,62,1
2026-06-15,000001,14:43:06,11.0400,24,1
2026-06-15,000001,14:43:09,11.0400,156,1
2026-06-15,000001,14:43:12,11.0300,302,2
2026-06-15,000001,14:43:15,11.0400,60,1
2026-06-15,000001,14:43:18,11.0300,47,2
2026-06-15,000001,14:43:21,11.0400,19,1
2026-06-15,000001,14:43:24,11.0300,150,2
2026-06-15,000001,14:43:27,11.0400,27,1
2026-06-15,000001,14:43:30,11.0300,46,2
2026-06-15,000001,14:43:33,11.0300,82,2
2026-06-15,000001,14:43:36,11.0400,38,1
2026-06-15,000001,14:43:39,11.0400,36,1
2026-06-15,000001,14:43:42,11.0400,43,1
2026-06-15,000001,14:43:45,11.0300,70,2
2026-06-15,000001,14:43:48,11.0400,79,1
2026-06-15,000001,14:43:51,11.0300,218,2
2026-06-15,000001,14:43:54,11.0300,209,2
2026-06-15,000001,14:43:57,11.0300,559,2
2026-06-15,000001,14:44:00,11.0400,379,1
2026-06-15,000001,14:44:03,11.0400,78,1
2026-06-15,000001,14:44:06,11.0300,61,2
2026-06-15,000001,14:44:09,11.0300,305,2
2026-06-15,000001,14:44:12,11.0300,75,2
2026-06-15,000001,14:44:15,11.0300,781,2
2026-06-15,000001,14:44:18,11.0300,198,2
2026-06-15,000001,14:44:21,11.0300,366,2
2026-06-15,000001,14:44:24,11.0300,279,2
2026-06-15,000001,14:44:27,11.0300,395,2
2026-06-15,000001,14:44:30,11.0300,24,2
2026-06-15,000001,14:44:33,11.0300,269,2
2026-06-15,000001,14:44:36,11.0300,207,2
2026-06-15,000001,14:44:39,11.0300,19,2
2026-06-15,000001,14:44:42,11.0300,185,2
2026-06-15,000001,14:44:45,11.0300,25,2
2026-06-15,000001,14:44:48,11.0400,52,1
2026-06-15,000001,14:44:51,11.0300,91,2
2026-06-15,000001,14:44:54,11.0300,52,2
2026-06-15,000001,14:44:57,11.0400,365,1
2026-06-15,000001,14:45:00,11.0300,254,2
2026-06-15,000001,14:45:03,11.0300,12,2
2026-06-15,000001,14:45:06,11.0300,112,2
2026-06-15,000001,14:45:09,11.0300,203,2
2026-06-15,000001,14:45:12,11.0300,65,2
2026-06-15,000001,14:45:15,11.0400,80,1
2026-06-15,000001,14:45:18,11.0400,206,1
2026-06-15,000001,14:45:21,11.0400,209,1
2026-06-15,000001,14:45:24,11.0400,100,1
2026-06-15,000001,14:45:27,11.0300,180,2
2026-06-15,000001,14:45:30,11.0400,84,1
2026-06-15,000001,14:45:33,11.0400,147,1
2026-06-15,000001,14:45:36,11.0300,565,2
2026-06-15,000001,14:45:39,11.0400,38,1
2026-06-15,000001,14:45:42,11.0300,1221,2
2026-06-15,000001,14:45:45,11.0400,120,1
2026-06-15,000001,14:45:48,11.0400,133,1
2026-06-15,000001,14:45:51,11.0400,148,1
2026-06-15,000001,14:45:54,11.0300,279,2
2026-06-15,000001,14:45:57,11.0300,119,2
2026-06-15,000001,14:46:00,11.0300,485,2
2026-06-15,000001,14:46:03,11.0400,126,1
2026-06-15,000001,14:46:06,11.0300,73,2
2026-06-15,000001,14:46:09,11.0400,269,1
2026-06-15,000001,14:46:12,11.0400,28,1
2026-06-15,000001,14:46:15,11.0400,325,1
2026-06-15,000001,14:46:18,11.0300,18,2
2026-06-15,000001,14:46:21,11.0400,295,1
2026-06-15,000001,14:46:24,11.0400,407,2
2026-06-15,000001,14:46:27,11.0400,225,2
2026-06-15,000001,14:46:30,11.0500,43,1
2026-06-15,000001,14:46:33,11.0400,62,2
2026-06-15,000001,14:46:36,11.0400,138,2
2026-06-15,000001,14:46:39,11.0400,58,2
2026-06-15,000001,14:46:42,11.0500,169,1
2026-06-15,000001,14:46:45,11.0500,87,1
2026-06-15,000001,14:46:48,11.0500,251,1
2026-06-15,000001,14:46:51,11.0400,311,2
2026-06-15,000001,14:46:54,11.0400,301,2
2026-06-15,000001,14:46:57,11.0400,96,2
2026-06-15,000001,14:47:00,11.0500,718,1
2026-06-15,000001,14:47:03,11.0400,252,2
2026-06-15,000001,14:47:06,11.0400,351,2
2026-06-15,000001,14:47:09,11.0400,54,2
2026-06-15,000001,14:47:12,11.0500,85,1
2026-06-15,000001,14:47:15,11.0400,820,2
2026-06-15,000001,14:47:18,11.0400,323,2
2026-06-15,000001,14:47:21,11.0400,129,2
2026-06-15,000001,14:47:24,11.0500,229,1
2026-06-15,000001,14:47:27,11.0500,40,1
2026-06-15,000001,14:47:30,11.0500,266,1
2026-06-15,000001,14:47:33,11.0400,421,2
2026-06-15,000001,14:47:36,11.0400,335,2
2026-06-15,000001,14:47:39,11.0500,109,4
2026-06-15,000001,14:47:42,11.0500,1086,2
2026-06-15,000001,14:47:45,11.0500,515,2
2026-06-15,000001,14:47:48,11.0500,65,2
2026-06-15,000001,14:47:51,11.0400,490,2
2026-06-15,000001,14:47:54,11.0400,30,2
2026-06-15,000001,14:47:57,11.0400,87,2
2026-06-15,000001,14:48:00,11.0500,63,1
2026-06-15,000001,14:48:03,11.0400,120,2
2026-06-15,000001,14:48:06,11.0400,152,2
2026-06-15,000001,14:48:09,11.0500,172,1
2026-06-15,000001,14:48:12,11.0400,111,2
2026-06-15,000001,14:48:15,11.0400,246,2
2026-06-15,000001,14:48:18,11.0400,383,2
2026-06-15,000001,14:48:21,11.0400,58,2
2026-06-15,000001,14:48:24,11.0400,233,2
2026-06-15,000001,14:48:27,11.0400,72,2
2026-06-15,000001,14:48:30,11.0400,277,2
2026-06-15,000001,14:48:33,11.0400,55,2
2026-06-15,000001,14:48:36,11.0400,146,2
2026-06-15,000001,14:48:39,11.0400,281,2
2026-06-15,000001,14:48:42,11.0500,300,1
2026-06-15,000001,14:48:45,11.0400,63,2
2026-06-15,000001,14:48:48,11.0500,24,1
2026-06-15,000001,14:48:51,11.0400,39,2
2026-06-15,000001,14:48:54,11.0400,168,2
2026-06-15,000001,14:48:57,11.0400,158,2
2026-06-15,000001,14:49:00,11.0400,249,2
2026-06-15,000001,14:49:03,11.0500,340,1
2026-06-15,000001,14:49:06,11.0400,201,2
2026-06-15,000001,14:49:09,11.0500,73,1
2026-06-15,000001,14:49:12,11.0400,281,2
2026-06-15,000001,14:49:15,11.0500,837,1
2026-06-15,000001,14:49:18,11.0500,18,1
2026-06-15,000001,14:49:21,11.0500,2389,1
2026-06-15,000001,14:49:24,11.0500,1155,2
2026-06-15,000001,14:49:27,11.0500,574,2
2026-06-15,000001,14:49:30,11.0500,26,2
2026-06-15,000001,14:49:33,11.0500,451,2
2026-06-15,000001,14:49:36,11.0500,364,2
2026-06-15,000001,14:49:39,11.0500,403,2
2026-06-15,000001,14:49:42,11.0500,274,2
2026-06-15,000001,14:49:45,11.0600,362,1
2026-06-15,000001,14:49:48,11.0500,136,2
2026-06-15,000001,14:49:51,11.0500,108,2
2026-06-15,000001,14:49:54,11.0500,296,2
2026-06-15,000001,14:49:57,11.0500,176,2
2026-06-15,000001,14:50:00,11.0500,141,2
2026-06-15,000001,14:50:03,11.0400,787,2
2026-06-15,000001,14:50:06,11.0500,268,1
2026-06-15,000001,14:50:09,11.0500,2470,2
2026-06-15,000001,14:50:12,11.0500,444,2
2026-06-15,000001,14:50:15,11.0500,97,2
2026-06-15,000001,14:50:18,11.0500,196,2
2026-06-15,000001,14:50:24,11.0600,41,1
2026-06-15,000001,14:50:27,11.0500,75,2
2026-06-15,000001,14:50:30,11.0500,157,2
2026-06-15,000001,14:50:33,11.0500,440,2
2026-06-15,000001,14:50:36,11.0600,67,1
2026-06-15,000001,14:50:39,11.0500,134,2
2026-06-15,000001,14:50:42,11.0600,118,1
2026-06-15,000001,14:50:45,11.0500,39,2
2026-06-15,000001,14:50:48,11.0500,234,2
2026-06-15,000001,14:50:51,11.0500,580,2
2026-06-15,000001,14:50:54,11.0500,62,2
2026-06-15,000001,14:50:57,11.0500,403,2
2026-06-15,000001,14:51:00,11.0500,193,2
2026-06-15,000001,14:51:03,11.0500,191,2
2026-06-15,000001,14:51:06,11.0500,58,2
2026-06-15,000001,14:51:09,11.0500,1087,2
2026-06-15,000001,14:51:12,11.0500,297,1
2026-06-15,000001,14:51:15,11.0500,105,2
2026-06-15,000001,14:51:18,11.0500,61,2
2026-06-15,000001,14:51:21,11.0500,71,2
2026-06-15,000001,14:51:24,11.0500,133,2
2026-06-15,000001,14:51:27,11.0500,127,2
2026-06-15,000001,14:51:30,11.0500,764,2
2026-06-15,000001,14:51:33,11.0400,140,2
2026-06-15,000001,14:51:36,11.0500,364,1
2026-06-15,000001,14:51:39,11.0500,658,1
2026-06-15,000001,14:51:42,11.0600,106,1
2026-06-15,000001,14:51:45,11.0600,201,1
2026-06-15,000001,14:51:48,11.0600,188,1
2026-06-15,000001,14:51:51,11.0500,305,2
2026-06-15,000001,14:51:54,11.0500,328,2
2026-06-15,000001,14:51:57,11.0500,81,2
2026-06-15,000001,14:52:00,11.0500,209,4
2026-06-15,000001,14:52:03,11.0500,126,4
2026-06-15,000001,14:52:06,11.0500,120,2
2026-06-15,000001,14:52:09,11.0500,120,2
2026-06-15,000001,14:52:12,11.0500,27,2
2026-06-15,000001,14:52:15,11.0500,167,2
2026-06-15,000001,14:52:18,11.0500,42,2
2026-06-15,000001,14:52:21,11.0500,80,2
2026-06-15,000001,14:52:24,11.0500,108,2
2026-06-15,000001,14:52:27,11.0500,57,2
2026-06-15,000001,14:52:30,11.0500,212,2
2026-06-15,000001,14:52:33,11.0500,307,2
2026-06-15,000001,14:52:36,11.0500,138,2
2026-06-15,000001,14:52:39,11.0500,60,2
2026-06-15,000001,14:52:42,11.0500,179,1
2026-06-15,000001,14:52:45,11.0500,308,2
2026-06-15,000001,14:52:48,11.0500,231,2
2026-06-15,000001,14:52:51,11.0500,542,2
2026-06-15,000001,14:52:54,11.0500,312,2
2026-06-15,000001,14:52:57,11.0500,159,2
2026-06-15,000001,14:53:00,11.0400,357,2
2026-06-15,000001,14:53:03,11.0500,402,1
2026-06-15,000001,14:53:06,11.0500,125,2
2026-06-15,000001,14:53:09,11.0600,99,1
2026-06-15,000001,14:53:12,11.0500,165,2
2026-06-15,000001,14:53:15,11.0500,120,2
2026-06-15,000001,14:53:18,11.0500,173,2
2026-06-15,000001,14:53:21,11.0500,16,2
2026-06-15,000001,14:53:24,11.0500,61,2
2026-06-15,000001,14:53:27,11.0600,58,1
2026-06-15,000001,14:53:30,11.0500,100,2
2026-06-15,000001,14:53:33,11.0600,78,1
2026-06-15,000001,14:53:36,11.0500,32,2
2026-06-15,000001,14:53:39,11.0500,188,2
2026-06-15,000001,14:53:42,11.0600,178,1
2026-06-15,000001,14:53:45,11.0500,100,2
2026-06-15,000001,14:53:48,11.0500,269,2
2026-06-15,000001,14:53:51,11.0500,583,2
2026-06-15,000001,14:53:54,11.0500,118,2
2026-06-15,000001,14:53:57,11.0600,95,1
2026-06-15,000001,14:54:00,11.0500,179,2
2026-06-15,000001,14:54:03,11.0500,91,2
2026-06-15,000001,14:54:06,11.0500,446,2
2026-06-15,000001,14:54:09,11.0500,21,2
2026-06-15,000001,14:54:12,11.0500,321,2
2026-06-15,000001,14:54:15,11.0500,2538,2
2026-06-15,000001,14:54:18,11.0600,371,1
2026-06-15,000001,14:54:21,11.0600,195,2
2026-06-15,000001,14:54:24,11.0700,131,1
2026-06-15,000001,14:54:27,11.0600,90,2
2026-06-15,000001,14:54:30,11.0700,592,1
2026-06-15,000001,14:54:33,11.0600,151,1
2026-06-15,000001,14:54:36,11.0600,839,1
2026-06-15,000001,14:54:39,11.0600,184,1
2026-06-15,000001,14:54:42,11.0600,505,1
2026-06-15,000001,14:54:45,11.0500,186,2
2026-06-15,000001,14:54:48,11.0600,39,1
2026-06-15,000001,14:54:51,11.0500,185,2
2026-06-15,000001,14:54:54,11.0600,56,1
2026-06-15,000001,14:54:57,11.0500,108,2
2026-06-15,000001,14:55:00,11.0500,532,2
2026-06-15,000001,14:55:03,11.0600,136,1
2026-06-15,000001,14:55:06,11.0500,230,2
2026-06-15,000001,14:55:09,11.0600,252,1
2026-06-15,000001,14:55:12,11.0600,161,4
2026-06-15,000001,14:55:15,11.0600,243,1
2026-06-15,000001,14:55:18,11.0600,78,1
2026-06-15,000001,14:55:21,11.0600,176,1
2026-06-15,000001,14:55:24,11.0700,146,1
2026-06-15,000001,14:55:27,11.0700,183,1
2026-06-15,000001,14:55:30,11.0700,122,1
2026-06-15,000001,14:55:33,11.0700,281,1
2026-06-15,000001,14:55:36,11.0700,335,1
2026-06-15,000001,14:55:39,11.0700,202,1
2026-06-15,000001,14:55:42,11.0700,95,1
2026-06-15,000001,14:55:45,11.0700,61,1
2026-06-15,000001,14:55:48,11.0700,25,1
2026-06-15,000001,14:55:51,11.0700,229,1
2026-06-15,000001,14:55:54,11.0700,290,1
2026-06-15,000001,14:55:57,11.0700,869,1
2026-06-15,000001,14:56:00,11.0700,236,1
2026-06-15,000001,14:56:03,11.0700,309,1
2026-06-15,000001,14:56:06,11.0700,135,1
2026-06-15,000001,14:56:09,11.0700,1162,1
2026-06-15,000001,14:56:12,11.0600,46,2
2026-06-15,000001,14:56:15,11.0700,210,1
2026-06-15,000001,14:56:18,11.0700,78,1
2026-06-15,000001,14:56:21,11.0600,323,2
2026-06-15,000001,14:56:24,11.0600,182,2
2026-06-15,000001,14:56:27,11.0600,170,2
2026-06-15,000001,14:56:30,11.0700,344,1
2026-06-15,000001,14:56:33,11.0600,773,2
2026-06-15,000001,14:56:36,11.0600,112,2
2026-06-15,000001,14:56:39,11.0700,121,1
2026-06-15,000001,14:56:42,11.0700,99,1
2026-06-15,000001,14:56:45,11.0700,101,1
2026-06-15,000001,14:56:48,11.0600,158,2
2026-06-15,000001,14:56:51,11.0600,103,2
2026-06-15,000001,14:56:54,11.0600,73,2
2026-06-15,000001,14:56:57,11.0500,137,2
2026-06-15,000001,14:57:00,11.0600,2,1
2026-06-15,000001,15:00:00,11.0600,6959,4
2026-06-15,000001,13:15:36,11.0300,569,2
2026-06-15,000001,13:15:39,11.0300,38,2
2026-06-15,000001,13:15:42,11.0300,434,2
2026-06-15,000001,13:15:45,11.0300,862,1
2026-06-15,000001,13:15:48,11.0300,611,2
2026-06-15,000001,13:15:51,11.0300,14,2
2026-06-15,000001,13:15:54,11.0300,64,2
2026-06-15,000001,13:15:57,11.0300,262,2
2026-06-15,000001,13:16:00,11.0300,221,1
2026-06-15,000001,13:16:03,11.0400,675,1
2026-06-15,000001,13:16:06,11.0300,341,1
2026-06-15,000001,13:16:09,11.0300,402,2
2026-06-15,000001,13:16:12,11.0300,229,2
2026-06-15,000001,13:16:15,11.0300,4,2
2026-06-15,000001,13:16:18,11.0300,476,2
2026-06-15,000001,13:16:21,11.0300,37,2
2026-06-15,000001,13:16:24,11.0300,19,2
2026-06-15,000001,13:16:30,11.0300,65,2
2026-06-15,000001,13:16:33,11.0400,60,1
2026-06-15,000001,13:16:36,11.0400,37,1
2026-06-15,000001,13:16:39,11.0300,42,2
2026-06-15,000001,13:16:42,11.0300,109,2
2026-06-15,000001,13:16:45,11.0400,17,1
2026-06-15,000001,13:16:48,11.0400,283,1
2026-06-15,000001,13:16:51,11.0300,45,2
2026-06-15,000001,13:16:54,11.0300,11,2
2026-06-15,000001,13:16:57,11.0400,7,1
2026-06-15,000001,13:17:00,11.0400,4465,1
2026-06-15,000001,13:17:03,11.0400,596,2
2026-06-15,000001,13:17:06,11.0400,7,1
2026-06-15,000001,13:17:09,11.0400,569,1
2026-06-15,000001,13:17:12,11.0400,377,2
2026-06-15,000001,13:17:15,11.0400,36,2
2026-06-15,000001,13:17:18,11.0500,94,1
2026-06-15,000001,13:17:21,11.0400,37,2
2026-06-15,000001,13:17:24,11.0400,1,2
2026-06-15,000001,13:17:27,11.0500,2,1
2026-06-15,000001,13:17:30,11.0500,40,1
2026-06-15,000001,13:17:33,11.0400,55,2
2026-06-15,000001,13:17:36,11.0400,70,2
2026-06-15,000001,13:17:39,11.0400,21,2
2026-06-15,000001,13:17:42,11.0400,51,2
2026-06-15,000001,13:17:45,11.0500,39,1
2026-06-15,000001,13:17:48,11.0500,58,1
2026-06-15,000001,13:17:51,11.0500,30,1
2026-06-15,000001,13:17:54,11.0400,993,2
2026-06-15,000001,13:17:57,11.0400,1077,2
2026-06-15,000001,13:18:00,11.0400,358,2
2026-06-15,000001,13:18:03,11.0400,368,2
2026-06-15,000001,13:18:06,11.0400,337,2
2026-06-15,000001,13:18:09,11.0300,197,2
2026-06-15,000001,13:18:12,11.0400,237,1
2026-06-15,000001,13:18:15,11.0400,13,1
2026-06-15,000001,13:18:18,11.0400,169,1
2026-06-15,000001,13:18:21,11.0400,175,1
2026-06-15,000001,13:18:24,11.0400,3,1
2026-06-15,000001,13:18:27,11.0400,112,1
2026-06-15,000001,13:18:30,11.0300,145,2
2026-06-15,000001,13:18:33,11.0300,568,2
2026-06-15,000001,13:18:36,11.0400,75,1
2026-06-15,000001,13:18:39,11.0400,126,1
2026-06-15,000001,13:18:42,11.0400,50,1
2026-06-15,000001,13:18:45,11.0400,100,1
2026-06-15,000001,13:18:48,11.0400,429,1
2026-06-15,000001,13:18:51,11.0400,105,2
2026-06-15,000001,13:18:54,11.0400,181,1
2026-06-15,000001,13:18:57,11.0400,113,1
2026-06-15,000001,13:19:00,11.0300,16,2
2026-06-15,000001,13:19:03,11.0400,129,1
2026-06-15,000001,13:19:06,11.0400,49,1
2026-06-15,000001,13:19:09,11.0300,48,2
2026-06-15,000001,13:19:12,11.0400,101,1
2026-06-15,000001,13:19:15,11.0400,417,1
2026-06-15,000001,13:19:18,11.0300,125,2
2026-06-15,000001,13:19:21,11.0400,20,1
2026-06-15,000001,13:19:24,11.0300,242,2
2026-06-15,000001,13:19:27,11.0400,37,1
2026-06-15,000001,13:19:30,11.0300,32,2
2026-06-15,000001,13:19:33,11.0300,17,2
2026-06-15,000001,13:19:36,11.0300,37,2
2026-06-15,000001,13:19:39,11.0400,15,1
2026-06-15,000001,13:19:42,11.0300,17,2
2026-06-15,000001,13:19:45,11.0300,111,2
2026-06-15,000001,13:19:48,11.0400,461,1
2026-06-15,000001,13:19:51,11.0300,34,2
2026-06-15,000001,13:19:54,11.0400,20,1
2026-06-15,000001,13:19:57,11.0300,51,2
2026-06-15,000001,13:20:00,11.0300,20,2
2026-06-15,000001,13:20:03,11.0400,133,1
2026-06-15,000001,13:20:06,11.0400,16,1
2026-06-15,000001,13:20:09,11.0300,19,2
2026-06-15,000001,13:20:12,11.0300,148,2
2026-06-15,000001,13:20:15,11.0300,87,2
2026-06-15,000001,13:20:18,11.0300,212,2
2026-06-15,000001,13:20:21,11.0400,95,1
2026-06-15,000001,13:20:24,11.0400,5,1
2026-06-15,000001,13:20:27,11.0300,79,2
2026-06-15,000001,13:20:30,11.0300,23,2
2026-06-15,000001,13:20:33,11.0300,235,2
2026-06-15,000001,13:20:36,11.0300,111,2
2026-06-15,000001,13:20:39,11.0300,35,2
2026-06-15,000001,13:20:42,11.0400,30,1
2026-06-15,000001,13:20:45,11.0400,16,1
2026-06-15,000001,13:20:48,11.0400,96,1
2026-06-15,000001,13:20:51,11.0400,76,1
2026-06-15,000001,13:20:54,11.0300,75,2
2026-06-15,000001,13:20:57,11.0300,383,2
2026-06-15,000001,13:21:00,11.0300,285,2
2026-06-15,000001,13:21:03,11.0300,191,2
2026-06-15,000001,13:21:06,11.0300,52,2
2026-06-15,000001,13:21:09,11.0300,97,2
2026-06-15,000001,13:21:12,11.0400,14,1
2026-06-15,000001,13:21:15,11.0400,61,1
2026-06-15,000001,13:21:18,11.0300,143,2
2026-06-15,000001,13:21:21,11.0400,48,1
2026-06-15,000001,13:21:24,11.0300,374,2
2026-06-15,000001,13:21:27,11.0300,315,2
2026-06-15,000001,13:21:30,11.0400,6,1
2026-06-15,000001,13:21:33,11.0400,4334,1
2026-06-15,000001,13:21:36,11.0500,384,1
2026-06-15,000001,13:21:39,11.0400,36,2
2026-06-15,000001,13:21:42,11.0500,129,1
2026-06-15,000001,13:21:45,11.0400,223,2
2026-06-15,000001,13:21:48,11.0400,100,2
2026-06-15,000001,13:21:51,11.0500,2,1
2026-06-15,000001,13:21:54,11.0400,532,2
2026-06-15,000001,13:21:57,11.0300,293,2
2026-06-15,000001,13:22:00,11.0300,153,2
2026-06-15,000001,13:22:03,11.0400,216,1
2026-06-15,000001,13:22:06,11.0500,739,1
2026-06-15,000001,13:22:09,11.0400,58,2
2026-06-15,000001,13:22:12,11.0400,71,2
2026-06-15,000001,13:22:15,11.0500,146,1
2026-06-15,000001,13:22:18,11.0500,23,1
2026-06-15,000001,13:22:21,11.0400,16,2
2026-06-15,000001,13:22:24,11.0400,40,2
2026-06-15,000001,13:22:27,11.0500,48,1
2026-06-15,000001,13:22:30,11.0400,22,2
2026-06-15,000001,13:22:33,11.0500,8,1
2026-06-15,000001,13:22:36,11.0400,128,2
2026-06-15,000001,13:22:39,11.0500,215,1
2026-06-15,000001,13:22:42,11.0400,48,2
2026-06-15,000001,13:22:45,11.0500,47,1
2026-06-15,000001,13:22:48,11.0500,2,1
2026-06-15,000001,13:22:51,11.0400,53,2
2026-06-15,000001,13:22:54,11.0500,10,1
2026-06-15,000001,13:22:57,11.0400,18,2
2026-06-15,000001,13:23:00,11.0500,63,1
2026-06-15,000001,13:23:03,11.0500,362,1
2026-06-15,000001,13:23:06,11.0500,6,1
2026-06-15,000001,13:23:09,11.0400,223,2
2026-06-15,000001,13:23:12,11.0400,187,2
2026-06-15,000001,13:23:15,11.0400,118,2
2026-06-15,000001,13:23:18,11.0500,21,1
2026-06-15,000001,13:23:21,11.0400,97,2
2026-06-15,000001,13:23:24,11.0500,165,1
2026-06-15,000001,13:23:27,11.0400,189,2
2026-06-15,000001,13:23:30,11.0400,213,2
2026-06-15,000001,13:23:33,11.0400,3250,2
2026-06-15,000001,13:23:36,11.0400,519,2
2026-06-15,000001,13:23:39,11.0300,711,2
2026-06-15,000001,13:23:42,11.0400,298,1
2026-06-15,000001,13:23:45,11.0300,177,2
2026-06-15,000001,13:23:48,11.0400,259,1
2026-06-15,000001,13:23:51,11.0300,28,2
2026-06-15,000001,13:23:54,11.0300,74,2
2026-06-15,000001,13:23:57,11.0400,169,1
2026-06-15,000001,13:24:00,11.0300,19,2
2026-06-15,000001,13:24:03,11.0400,62,1
2026-06-15,000001,13:24:06,11.0400,107,1
2026-06-15,000001,13:24:09,11.0300,54,2
2026-06-15,000001,13:24:12,11.0300,419,2
2026-06-15,000001,13:24:15,11.0300,100,2
2026-06-15,000001,13:24:18,11.0300,28,2
2026-06-15,000001,13:24:21,11.0400,33,1
2026-06-15,000001,13:24:24,11.0400,331,1
2026-06-15,000001,13:24:27,11.0300,296,2
2026-06-15,000001,13:24:30,11.0300,55,2
2026-06-15,000001,13:24:33,11.0400,37,1
2026-06-15,000001,13:24:36,11.0300,231,2
2026-06-15,000001,13:24:39,11.0300,277,2
2026-06-15,000001,13:24:42,11.0400,200,1
2026-06-15,000001,13:24:45,11.0300,185,2
2026-06-15,000001,13:24:48,11.0400,47,2
2026-06-15,000001,13:24:51,11.0500,31,1
2026-06-15,000001,13:24:54,11.0500,149,1
2026-06-15,000001,13:24:57,11.0400,46,2
2026-06-15,000001,13:25:00,11.0400,34,2
2026-06-15,000001,13:25:03,11.0400,330,2
2026-06-15,000001,13:25:06,11.0500,146,1
2026-06-15,000001,13:25:09,11.0400,214,2
2026-06-15,000001,13:25:12,11.0500,243,1
2026-06-15,000001,13:25:15,11.0500,259,1
2026-06-15,000001,13:25:18,11.0400,90,4
2026-06-15,000001,13:25:21,11.0500,47,1
2026-06-15,000001,13:25:24,11.0400,66,2
2026-06-15,000001,13:25:27,11.0500,150,1
2026-06-15,000001,13:25:30,11.0400,256,2
2026-06-15,000001,13:25:33,11.0400,22,2
2026-06-15,000001,13:25:36,11.0400,164,2
2026-06-15,000001,13:25:39,11.0400,39,2
2026-06-15,000001,13:25:42,11.0500,566,1
2026-06-15,000001,13:25:45,11.0400,2,2
2026-06-15,000001,13:25:48,11.0400,53,2
2026-06-15,000001,13:25:51,11.0500,6,1
2026-06-15,000001,13:25:54,11.0500,18,1
2026-06-15,000001,13:25:57,11.0400,49,2
2026-06-15,000001,13:26:00,11.0400,20,2
2026-06-15,000001,13:26:03,11.0500,28,1
2026-06-15,000001,13:26:06,11.0400,136,2
2026-06-15,000001,13:26:09,11.0500,28,1
2026-06-15,000001,13:26:12,11.0400,33,2
2026-06-15,000001,13:26:15,11.0400,76,2
2026-06-15,000001,13:26:21,11.0400,170,2
2026-06-15,000001,13:26:24,11.0500,68,1
2026-06-15,000001,13:26:27,11.0400,128,2
2026-06-15,000001,13:26:30,11.0400,1345,2
2026-06-15,000001,13:26:33,11.0300,84,2
2026-06-15,000001,13:26:36,11.0300,305,2
2026-06-15,000001,13:26:39,11.0400,322,1
2026-06-15,000001,13:26:42,11.0400,10,1
2026-06-15,000001,13:26:45,11.0400,108,1
2026-06-15,000001,13:26:48,11.0300,3,2
2026-06-15,000001,13:26:51,11.0300,67,2
2026-06-15,000001,13:26:54,11.0400,1,1
2026-06-15,000001,13:26:57,11.0300,68,2
2026-06-15,000001,13:27:00,11.0400,47,1
2026-06-15,000001,13:27:03,11.0400,10,1
2026-06-15,000001,13:27:06,11.0400,382,1
2026-06-15,000001,13:27:09,11.0300,98,2
2026-06-15,000001,13:27:12,11.0300,26,2
2026-06-15,000001,13:27:15,11.0300,22,2
2026-06-15,000001,13:27:18,11.0300,117,2
2026-06-15,000001,13:27:21,11.0300,16,2
2026-06-15,000001,13:27:24,11.0300,58,2
2026-06-15,000001,13:27:27,11.0300,6,2
2026-06-15,000001,13:27:30,11.0300,98,2
2026-06-15,000001,13:27:33,11.0300,140,2
2026-06-15,000001,13:27:36,11.0300,125,2
2026-06-15,000001,13:27:39,11.0300,20,2
2026-06-15,000001,13:27:42,11.0400,600,1
2026-06-15,000001,13:27:45,11.0300,2,2
2026-06-15,000001,13:27:48,11.0300,86,2
2026-06-15,000001,13:27:51,11.0300,20,2
2026-06-15,000001,13:27:57,11.0400,85,1
2026-06-15,000001,13:28:00,11.0300,50,2
2026-06-15,000001,13:28:03,11.0300,45,2
2026-06-15,000001,13:28:06,11.0300,72,2
2026-06-15,000001,13:28:12,11.0300,18,2
2026-06-15,000001,13:28:15,11.0300,78,2
2026-06-15,000001,13:28:18,11.0300,272,2
2026-06-15,000001,13:28:21,11.0300,265,2
2026-06-15,000001,13:28:24,11.0300,181,2
2026-06-15,000001,13:28:27,11.0300,187,2
2026-06-15,000001,13:28:30,11.0400,372,1
2026-06-15,000001,13:28:33,11.0400,518,1
2026-06-15,000001,13:28:36,11.0300,153,2
2026-06-15,000001,13:28:39,11.0300,45,2
2026-06-15,000001,13:28:42,11.0300,205,2
2026-06-15,000001,13:28:45,11.0400,56,1
2026-06-15,000001,13:28:48,11.0300,27,2
2026-06-15,000001,13:28:51,11.0400,27,1
2026-06-15,000001,13:28:54,11.0300,21,2
2026-06-15,000001,13:28:57,11.0300,220,2
2026-06-15,000001,13:29:00,11.0300,16,2
2026-06-15,000001,13:29:03,11.0300,159,2
2026-06-15,000001,13:29:06,11.0400,32,1
2026-06-15,000001,13:29:09,11.0300,337,2
2026-06-15,000001,13:29:12,11.0400,277,1
2026-06-15,000001,13:29:15,11.0400,98,1
2026-06-15,000001,13:29:18,11.0300,81,2
2026-06-15,000001,13:29:21,11.0300,22,2
2026-06-15,000001,13:29:27,11.0400,26,1
2026-06-15,000001,13:29:30,11.0300,39,2
2026-06-15,000001,13:29:33,11.0300,13,2
2026-06-15,000001,13:29:36,11.0400,551,1
2026-06-15,000001,13:29:39,11.0400,55,1
2026-06-15,000001,13:29:42,11.0400,28,1
2026-06-15,000001,13:29:45,11.0300,11,2
2026-06-15,000001,13:29:48,11.0400,62,1
2026-06-15,000001,13:29:51,11.0300,39,2
2026-06-15,000001,13:29:54,11.0300,36,2
2026-06-15,000001,13:29:57,11.0400,60,1
2026-06-15,000001,13:30:00,11.0300,37,2
2026-06-15,000001,13:30:03,11.0400,10,1
2026-06-15,000001,13:30:06,11.0400,218,1
2026-06-15,000001,13:30:09,11.0400,9,1
2026-06-15,000001,13:30:12,11.0300,52,2
2026-06-15,000001,13:30:15,11.0300,12,2
2026-06-15,000001,13:30:18,11.0300,157,2
2026-06-15,000001,13:30:21,11.0400,28,1
2026-06-15,000001,13:30:24,11.0300,116,2
2026-06-15,000001,13:30:27,11.0300,363,2
2026-06-15,000001,13:30:30,11.0300,1,2
2026-06-15,000001,13:30:33,11.0300,31,2
2026-06-15,000001,13:30:36,11.0400,206,1
2026-06-15,000001,13:30:39,11.0300,21,2
2026-06-15,000001,13:30:42,11.0300,17,2
2026-06-15,000001,13:30:45,11.0400,37,1
2026-06-15,000001,13:30:48,11.0300,59,2
2026-06-15,000001,13:30:51,11.0300,69,2
2026-06-15,000001,13:30:54,11.0300,31,2
2026-06-15,000001,13:30:57,11.0400,186,1
2026-06-15,000001,13:31:00,11.0400,57,1
2026-06-15,000001,13:31:03,11.0300,144,2
2026-06-15,000001,13:31:06,11.0300,203,2
2026-06-15,000001,13:31:09,11.0400,83,1
2026-06-15,000001,13:31:12,11.0300,83,2
2026-06-15,000001,13:31:15,11.0300,391,2
2026-06-15,000001,13:31:18,11.0400,168,1
2026-06-15,000001,13:31:21,11.0300,140,2
2026-06-15,000001,13:31:24,11.0300,555,2
2026-06-15,000001,13:31:27,11.0300,11332,2
2026-06-15,000001,13:31:30,11.0200,4320,2
2026-06-15,000001,13:31:33,11.0200,911,2
2026-06-15,000001,13:31:36,11.0300,875,1
2026-06-15,000001,13:31:39,11.0200,1888,2
2026-06-15,000001,13:31:42,11.0300,3953,1
2026-06-15,000001,13:31:45,11.0200,1692,2
2026-06-15,000001,13:31:48,11.0300,574,1
2026-06-15,000001,13:31:51,11.0200,270,2
2026-06-15,000001,13:31:54,11.0300,215,1
2026-06-15,000001,13:31:57,11.0300,87,1
2026-06-15,000001,13:32:00,11.0200,34,2
2026-06-15,000001,13:32:03,11.0200,192,2
2026-06-15,000001,13:32:06,11.0200,23,2
2026-06-15,000001,13:32:12,11.0200,94,2
2026-06-15,000001,13:32:15,11.0200,128,2
2026-06-15,000001,13:32:18,11.0200,55,2
2026-06-15,000001,13:32:21,11.0200,250,2
2026-06-15,000001,13:32:24,11.0300,74,1
2026-06-15,000001,13:32:27,11.0200,58,2
2026-06-15,000001,13:32:30,11.0200,84,2
2026-06-15,000001,13:32:33,11.0200,91,2
2026-06-15,000001,13:32:36,11.0200,684,2
2026-06-15,000001,13:32:39,11.0200,140,2
2026-06-15,000001,13:32:42,11.0200,54,2
2026-06-15,000001,13:32:45,11.0300,205,1
2026-06-15,000001,13:32:48,11.0200,289,2
2026-06-15,000001,13:32:51,11.0200,257,2
2026-06-15,000001,13:32:54,11.0300,68,1
2026-06-15,000001,13:32:57,11.0200,79,2
2026-06-15,000001,13:33:00,11.0200,299,2
2026-06-15,000001,13:33:03,11.0200,40,2
2026-06-15,000001,13:33:06,11.0200,196,2
2026-06-15,000001,13:33:09,11.0200,175,2
2026-06-15,000001,13:33:12,11.0200,107,2
2026-06-15,000001,13:33:15,11.0300,375,1
2026-06-15,000001,13:33:18,11.0300,347,1
2026-06-15,000001,13:33:21,11.0200,416,2
2026-06-15,000001,13:33:24,11.0300,1242,1
2026-06-15,000001,13:33:27,11.0200,2494,2
2026-06-15,000001,13:33:30,11.0200,1403,2
2026-06-15,000001,13:33:33,11.0100,406,2
2026-06-15,000001,13:33:36,11.0100,1681,2
2026-06-15,000001,13:33:39,11.0100,441,2
2026-06-15,000001,13:33:42,11.0200,927,1
2026-06-15,000001,13:33:45,11.0200,1473,1
2026-06-15,000001,13:33:48,11.0100,305,2
2026-06-15,000001,13:33:51,11.0100,970,2
2026-06-15,000001,13:33:54,11.0200,126,1
2026-06-15,000001,13:33:57,11.0100,250,2
2026-06-15,000001,13:34:00,11.0100,103,2
2026-06-15,000001,13:34:03,11.0100,1219,2
2026-06-15,000001,13:34:06,11.0100,6502,2
2026-06-15,000001,13:34:09,11.0000,1583,2
2026-06-15,000001,13:34:12,11.0100,941,1
2026-06-15,000001,13:34:15,11.0100,1947,1
2026-06-15,000001,13:34:18,11.0000,13043,2
2026-06-15,000001,13:34:21,10.9900,3614,2
2026-06-15,000001,13:34:24,11.0000,250,1
2026-06-15,000001,13:34:27,10.9900,3822,2
2026-06-15,000001,13:34:30,11.0000,712,1
2026-06-15,000001,13:34:33,10.9900,40,2
2026-06-15,000001,13:34:36,11.0000,376,1
2026-06-15,000001,13:34:39,11.0000,1137,1
2026-06-15,000001,13:34:42,11.0000,4373,1
2026-06-15,000001,13:34:45,11.0100,171,1
2026-06-15,000001,13:34:48,11.0000,129,2
2026-06-15,000001,13:34:51,11.0000,110,2
2026-06-15,000001,13:34:54,11.0100,149,1
2026-06-15,000001,13:34:57,11.0000,66,2
2026-06-15,000001,13:35:00,11.0000,154,2
2026-06-15,000001,13:35:03,11.0000,38,2
2026-06-15,000001,13:35:06,11.0100,112,1
2026-06-15,000001,13:35:09,11.0000,1405,2
2026-06-15,000001,13:35:12,11.0100,315,1
2026-06-15,000001,13:35:15,11.0100,77,1
2026-06-15,000001,13:35:18,11.0100,206,1
2026-06-15,000001,13:35:21,11.0000,245,2
2026-06-15,000001,13:35:24,11.0000,110,2
2026-06-15,000001,13:35:27,11.0000,584,2
2026-06-15,000001,13:35:30,11.0000,142,2
2026-06-15,000001,13:35:36,11.0000,14,2
2026-06-15,000001,13:35:39,11.0100,12,1
2026-06-15,000001,13:35:42,11.0100,163,1
2026-06-15,000001,13:35:45,11.0100,150,1
2026-06-15,000001,13:35:48,11.0100,22,1
2026-06-15,000001,13:35:51,11.0100,89,1
2026-06-15,000001,13:35:54,11.0000,192,2
2026-06-15,000001,13:35:57,11.0100,4357,1
2026-06-15,000001,13:36:00,11.0100,2486,2
2026-06-15,000001,13:36:03,11.0000,185,2
2026-06-15,000001,13:36:06,11.0100,333,1
2026-06-15,000001,13:36:09,11.0100,84,1
2026-06-15,000001,13:36:12,11.0100,269,2
2026-06-15,000001,13:36:15,11.0100,77,2
2026-06-15,000001,13:36:18,11.0100,93,2
2026-06-15,000001,13:36:21,11.0100,137,2
2026-06-15,000001,13:36:24,11.0000,8371,2
2026-06-15,000001,13:36:27,11.0000,1482,2
2026-06-15,000001,13:36:30,11.0100,263,1
2026-06-15,000001,13:36:33,11.0000,43,2
2026-06-15,000001,13:36:36,11.0100,1869,1
2026-06-15,000001,13:36:39,11.0100,43,1
2026-06-15,000001,13:36:42,11.0000,45,2
2026-06-15,000001,13:36:45,11.0000,45,2
2026-06-15,000001,13:36:48,11.0100,86,1
2026-06-15,000001,13:36:51,11.0000,1369,2
2026-06-15,000001,13:36:54,11.0000,35,2
2026-06-15,000001,13:36:57,11.0000,19,2
2026-06-15,000001,13:37:00,11.0100,46,1
2026-06-15,000001,13:37:03,11.0100,98,1
2026-06-15,000001,13:37:06,11.0100,382,1
2026-06-15,000001,13:37:09,11.0100,188,1
2026-06-15,000001,13:37:12,11.0100,330,1
2026-06-15,000001,13:37:15,11.0100,116,1
2026-06-15,000001,13:37:18,11.0000,111,2
2026-06-15,000001,13:37:21,11.0000,265,2
2026-06-15,000001,13:37:24,11.0000,153,2
2026-06-15,000001,13:37:27,11.0000,705,2
2026-06-15,000001,13:37:30,11.0100,536,1
2026-06-15,000001,13:37:33,11.0100,3023,1
2026-06-15,000001,13:37:36,11.0100,1476,2
2026-06-15,000001,13:37:39,11.0100,73,2
2026-06-15,000001,13:37:42,11.0000,92,2
2026-06-15,000001,13:37:45,11.0100,83,1
2026-06-15,000001,13:37:48,11.0100,129,2
2026-06-15,000001,13:37:51,11.0100,350,1
2026-06-15,000001,13:37:54,11.0000,67,2
2026-06-15,000001,13:37:57,11.0100,101,1
2026-06-15,000001,13:38:00,11.0000,172,2
2026-06-15,000001,13:38:03,11.0100,113,1
2026-06-15,000001,13:38:06,11.0000,942,2
2026-06-15,000001,13:38:09,11.0100,15,1
2026-06-15,000001,13:38:12,11.0100,3366,1
2026-06-15,000001,13:38:15,11.0100,62,2
2026-06-15,000001,13:38:18,11.0100,507,2
2026-06-15,000001,13:38:21,11.0100,169,2
2026-06-15,000001,13:38:24,11.0200,111,1
2026-06-15,000001,13:38:27,11.0200,125,1
2026-06-15,000001,13:38:30,11.0200,435,1
2026-06-15,000001,13:38:33,11.0200,253,1
2026-06-15,000001,13:38:36,11.0200,31,1
2026-06-15,000001,13:38:39,11.0200,4,1
2026-06-15,000001,13:38:42,11.0200,830,1
2026-06-15,000001,13:38:45,11.0200,147,1
2026-06-15,000001,13:38:48,11.0200,164,1
2026-06-15,000001,13:38:51,11.0200,327,1
2026-06-15,000001,13:38:54,11.0200,135,1
2026-06-15,000001,13:38:57,11.0200,92,1
2026-06-15,000001,13:39:00,11.0200,968,1
2026-06-15,000001,13:39:03,11.0200,10,2
2026-06-15,000001,13:39:06,11.0200,55,2
2026-06-15,000001,13:39:09,11.0300,12,1
2026-06-15,000001,13:39:12,11.0300,117,1
2026-06-15,000001,13:39:15,11.0300,81,1
2026-06-15,000001,13:39:18,11.0200,57,2
2026-06-15,000001,13:39:21,11.0200,322,2
2026-06-15,000001,13:39:24,11.0300,94,1
2026-06-15,000001,13:39:27,11.0200,235,2
2026-06-15,000001,13:39:30,11.0300,226,1
2026-06-15,000001,13:39:33,11.0300,25,1
2026-06-15,000001,13:39:36,11.0300,29,1
2026-06-15,000001,13:39:39,11.0200,182,2
2026-06-15,000001,13:39:42,11.0300,78,1
2026-06-15,000001,13:39:45,11.0300,14,1
2026-06-15,000001,13:39:48,11.0300,115,1
2026-06-15,000001,13:39:51,11.0300,1308,1
2026-06-15,000001,13:39:54,11.0300,21,2
2026-06-15,000001,13:40:00,11.0400,13,1
2026-06-15,000001,13:40:03,11.0400,47,1
2026-06-15,000001,13:40:06,11.0400,514,1
2026-06-15,000001,13:40:09,11.0400,25,1
2026-06-15,000001,13:40:12,11.0400,29,1
2026-06-15,000001,13:40:15,11.0400,45,1
2026-06-15,000001,13:40:18,11.0400,45,1
2026-06-15,000001,13:40:21,11.0400,20,1
2026-06-15,000001,13:40:24,11.0400,121,1
2026-06-15,000001,13:40:27,11.0400,59,1
2026-06-15,000001,13:40:30,11.0400,8,1
2026-06-15,000001,13:40:33,11.0400,162,1
2026-06-15,000001,13:40:36,11.0300,162,2
2026-06-15,000001,13:40:39,11.0400,62,1
2026-06-15,000001,13:40:42,11.0300,76,2
2026-06-15,000001,13:40:45,11.0400,7,1
2026-06-15,000001,13:40:48,11.0300,81,2
2026-06-15,000001,13:40:51,11.0400,53,1
2026-06-15,000001,13:40:54,11.0400,99,1
2026-06-15,000001,13:40:57,11.0300,39,2
2026-06-15,000001,13:41:00,11.0300,44,2
2026-06-15,000001,13:41:03,11.0300,485,2
2026-06-15,000001,13:41:06,11.0300,445,2
2026-06-15,000001,13:41:09,11.0300,1502,2
2026-06-15,000001,13:41:12,11.0300,235,1
2026-06-15,000001,13:41:15,11.0300,249,1
2026-06-15,000001,13:41:18,11.0300,27,2
2026-06-15,000001,13:41:21,11.0300,59,2
2026-06-15,000001,13:41:24,11.0300,71,2
2026-06-15,000001,13:41:27,11.0400,83,1
2026-06-15,000001,13:41:30,11.0300,1148,2
2026-06-15,000001,13:41:33,11.0300,22,2
2026-06-15,000001,13:41:36,11.0400,49,1
2026-06-15,000001,13:41:39,11.0400,356,1
2026-06-15,000001,13:41:42,11.0400,349,1
2026-06-15,000001,13:41:45,11.0400,44,1
2026-06-15,000001,13:41:48,11.0400,7105,1
2026-06-15,000001,13:41:51,11.0500,11,1
2026-06-15,000001,13:41:54,11.0500,175,1
2026-06-15,000001,13:41:57,11.0400,1240,2
2026-06-15,000001,13:42:00,11.0400,143,2
2026-06-15,000001,13:42:03,11.0500,12,1
2026-06-15,000001,13:42:06,11.0400,39,2
2026-06-15,000001,13:42:09,11.0400,661,2
2026-06-15,000001,13:42:12,11.0300,765,2
2026-06-15,000001,13:42:15,11.0400,231,1
2026-06-15,000001,13:42:18,11.0400,59,1
2026-06-15,000001,13:42:21,11.0300,197,2
2026-06-15,000001,13:42:24,11.0300,203,2
2026-06-15,000001,13:42:27,11.0400,37,1
2026-06-15,000001,13:42:30,11.0400,111,1
2026-06-15,000001,13:42:33,11.0300,22,2
2026-06-15,000001,13:42:36,11.0400,71,1
2026-06-15,000001,13:42:39,11.0300,488,2
2026-06-15,000001,13:42:42,11.0400,43,1
2026-06-15,000001,13:42:45,11.0400,2,1
2026-06-15,000001,13:42:48,11.0400,150,1
2026-06-15,000001,13:42:51,11.0300,48,2
2026-06-15,000001,13:42:54,11.0400,159,1
2026-06-15,000001,13:42:57,11.0400,8,1
2026-06-15,000001,13:43:00,11.0300,36,2
2026-06-15,000001,13:43:03,11.0300,45,2
2026-06-15,000001,13:43:06,11.0300,79,2
2026-06-15,000001,13:43:09,11.0300,234,2
2026-06-15,000001,13:43:12,11.0300,177,2
2026-06-15,000001,13:43:15,11.0300,164,2
2026-06-15,000001,13:43:18,11.0300,264,2
2026-06-15,000001,13:43:21,11.0300,263,1
2026-06-15,000001,13:43:24,11.0200,226,2
2026-06-15,000001,13:43:27,11.0300,348,1
2026-06-15,000001,13:43:30,11.0200,1223,2
2026-06-15,000001,13:43:33,11.0200,1795,2
2026-06-15,000001,13:43:36,11.0300,17,1
2026-06-15,000001,13:43:39,11.0200,24,2
2026-06-15,000001,13:43:42,11.0300,1504,1
2026-06-15,000001,13:43:45,11.0400,46,1
2026-06-15,000001,13:43:48,11.0300,16,2
2026-06-15,000001,13:43:51,11.0300,46,2
2026-06-15,000001,13:43:54,11.0400,158,1
2026-06-15,000001,13:43:57,11.0300,75,2
2026-06-15,000001,13:44:00,11.0400,146,1
2026-06-15,000001,13:44:03,11.0300,55,2
2026-06-15,000001,13:44:06,11.0300,18,2
2026-06-15,000001,13:44:09,11.0300,2248,2
2026-06-15,000001,13:44:12,11.0400,467,1
2026-06-15,000001,13:44:15,11.0300,41,2
2026-06-15,000001,13:44:18,11.0500,30,1
2026-06-15,000001,13:44:21,11.0400,12,2
2026-06-15,000001,13:44:24,11.0500,19,1
2026-06-15,000001,13:44:27,11.0500,70,1
2026-06-15,000001,13:44:30,11.0500,69,1
2026-06-15,000001,13:44:33,11.0500,11,1
2026-06-15,000001,13:44:36,11.0500,69,1
2026-06-15,000001,13:44:42,11.0500,12,1
2026-06-15,000001,13:44:45,11.0500,12,1
2026-06-15,000001,13:44:48,11.0500,86,1
2026-06-15,000001,13:44:51,11.0500,216,1
2026-06-15,000001,13:44:54,11.0500,21,1
2026-06-15,000001,13:44:57,11.0400,33,2
2026-06-15,000001,13:45:00,11.0400,161,2
2026-06-15,000001,13:45:03,11.0500,60,1
2026-06-15,000001,13:45:06,11.0500,12,1
2026-06-15,000001,13:45:09,11.0400,75,2
2026-06-15,000001,13:45:12,11.0400,69,2
2026-06-15,000001,13:45:15,11.0400,24,2
2026-06-15,000001,13:45:18,11.0400,456,2
2026-06-15,000001,13:45:21,11.0400,42,2
2026-06-15,000001,13:45:24,11.0400,106,2
2026-06-15,000001,13:45:27,11.0400,183,2
2026-06-15,000001,13:45:30,11.0500,71,1
2026-06-15,000001,13:45:33,11.0500,83,1
2026-06-15,000001,13:45:36,11.0400,63,2
2026-06-15,000001,13:45:39,11.0400,49,2
2026-06-15,000001,13:45:42,11.0500,524,1
2026-06-15,000001,13:45:45,11.0500,37,1
2026-06-15,000001,13:45:48,11.0400,19,2
2026-06-15,000001,13:45:51,11.0500,319,1
2026-06-15,000001,13:45:54,11.0500,53,1
2026-06-15,000001,13:45:57,11.0500,3,1
2026-06-15,000001,13:46:00,11.0500,49,1
2026-06-15,000001,13:46:03,11.0500,19,1
2026-06-15,000001,13:46:06,11.0500,74,1
2026-06-15,000001,13:46:09,11.0400,40,2
2026-06-15,000001,13:46:12,11.0500,122,1
2026-06-15,000001,13:46:15,11.0400,149,2
2026-06-15,000001,13:46:18,11.0400,23,2
2026-06-15,000001,13:46:21,11.0500,2,1
2026-06-15,000001,13:46:27,11.0500,10,1
2026-06-15,000001,13:46:30,11.0500,32,1
2026-06-15,000001,13:46:33,11.0400,257,2
2026-06-15,000001,13:46:36,11.0500,189,1
2026-06-15,000001,13:46:39,11.0400,6,2
2026-06-15,000001,13:46:42,11.0500,29,1
2026-06-15,000001,13:46:51,11.0400,58,2
2026-06-15,000001,13:46:54,11.0500,83,1
2026-06-15,000001,13:46:57,11.0500,78,1
2026-06-15,000001,13:47:00,11.0400,51,2
2026-06-15,000001,13:47:03,11.0500,13,1
2026-06-15,000001,13:47:06,11.0500,139,1
2026-06-15,000001,13:47:09,11.0500,885,1
2026-06-15,000001,13:47:12,11.0500,106,1
2026-06-15,000001,13:47:15,11.0500,979,1
2026-06-15,000001,13:47:18,11.0500,148,2
2026-06-15,000001,13:47:21,11.0600,12,1
2026-06-15,000001,13:47:24,11.0600,66,1
2026-06-15,000001,13:47:27,11.0500,152,2
2026-06-15,000001,13:47:30,11.0500,1,2
2026-06-15,000001,13:47:33,11.0500,12,2
2026-06-15,000001,13:47:39,11.0600,554,1
2026-06-15,000001,13:47:42,11.0600,91,1
2026-06-15,000001,13:47:45,11.0500,23,2
2026-06-15,000001,13:47:48,11.0500,260,2
2026-06-15,000001,13:47:51,11.0600,360,1
2026-06-15,000001,13:47:54,11.0500,55,2
2026-06-15,000001,13:47:57,11.0500,202,2
2026-06-15,000001,13:48:00,11.0500,259,2
2026-06-15,000001,13:48:03,11.0400,1209,2
2026-06-15,000001,13:48:06,11.0400,36,2
2026-06-15,000001,13:48:09,11.0400,51,2
2026-06-15,000001,13:48:12,11.0400,12,2
2026-06-15,000001,13:48:15,11.0400,77,2
2026-06-15,000001,13:48:18,11.0400,64,2
2026-06-15,000001,13:48:21,11.0400,19,2
2026-06-15,000001,13:48:24,11.0400,1031,2
2026-06-15,000001,13:48:27,11.0500,73,1
2026-06-15,000001,13:48:30,11.0400,1251,2
2026-06-15,000001,13:48:33,11.0400,171,2
2026-06-15,000001,13:48:36,11.0400,148,2
2026-06-15,000001,13:48:39,11.0400,979,2
2026-06-15,000001,13:48:42,11.0400,854,1
2026-06-15,000001,13:48:45,11.0400,423,1
2026-06-15,000001,13:48:48,11.0400,10,2
2026-06-15,000001,13:48:51,11.0400,109,1
2026-06-15,000001,13:48:54,11.0400,250,1
2026-06-15,000001,13:48:57,11.0300,648,2
2026-06-15,000001,13:49:00,11.0300,272,2
2026-06-15,000001,13:49:03,11.0400,132,1
2026-06-15,000001,13:49:06,11.0300,8,2
2026-06-15,000001,13:49:09,11.0400,254,1
2026-06-15,000001,13:49:12,11.0400,339,2
2026-06-15,000001,13:49:15,11.0400,1202,2
2026-06-15,000001,13:49:18,11.0300,19,2
2026-06-15,000001,13:49:21,11.0400,58,1
2026-06-15,000001,13:49:24,11.0400,198,1
2026-06-15,000001,13:49:27,11.0300,575,2
2026-06-15,000001,13:49:30,11.0300,15,2
2026-06-15,000001,13:49:33,11.0300,342,2
2026-06-15,000001,13:49:36,11.0300,36,2
2026-06-15,000001,13:49:39,11.0400,617,1
2026-06-15,000001,13:49:42,11.0300,20,2
2026-06-15,000001,13:49:45,11.0300,17,2
2026-06-15,000001,13:49:48,11.0400,26,1
2026-06-15,000001,13:49:51,11.0300,67,2
2026-06-15,000001,13:49:54,11.0400,32,1
2026-06-15,000001,13:49:57,11.0300,244,2
2026-06-15,000001,13:50:00,11.0300,60,2
2026-06-15,000001,13:50:03,11.0300,247,2
2026-06-15,000001,13:50:06,11.0300,53,2
2026-06-15,000001,13:50:09,11.0400,30,1
2026-06-15,000001,13:50:12,11.0400,186,1
2026-06-15,000001,13:50:15,11.0400,230,1
2026-06-15,000001,13:50:18,11.0400,6,1
2026-06-15,000001,13:50:21,11.0300,18,2
2026-06-15,000001,13:50:24,11.0400,27,1
2026-06-15,000001,13:50:27,11.0300,94,2
2026-06-15,000001,13:50:30,11.0300,13,2
2026-06-15,000001,13:50:33,11.0400,80,1
2026-06-15,000001,13:50:36,11.0300,3,2
2026-06-15,000001,13:50:39,11.0300,80,2
2026-06-15,000001,13:50:42,11.0300,60,2
2026-06-15,000001,13:50:45,11.0300,107,2
2026-06-15,000001,13:50:48,11.0300,13,2
2026-06-15,000001,13:50:51,11.0400,20,1
2026-06-15,000001,13:50:54,11.0400,1003,1
2026-06-15,000001,13:50:57,11.0300,29,2
2026-06-15,000001,13:51:00,11.0400,59,1
2026-06-15,000001,13:51:03,11.0300,306,2
2026-06-15,000001,13:51:06,11.0300,111,2
2026-06-15,000001,13:51:09,11.0300,2127,2
2026-06-15,000001,13:51:12,11.0300,22,2
2026-06-15,000001,13:51:15,11.0400,56,1
2026-06-15,000001,13:51:18,11.0400,123,1
2026-06-15,000001,13:51:21,11.0300,158,2
2026-06-15,000001,13:51:24,11.0300,145,2
2026-06-15,000001,13:51:27,11.0300,646,2
2026-06-15,000001,13:51:30,11.0300,135,2
2026-06-15,000001,13:51:33,11.0300,43,2
2026-06-15,000001,13:51:36,11.0300,20,2
2026-06-15,000001,13:51:39,11.0400,617,1
2026-06-15,000001,13:51:42,11.0400,555,1
2026-06-15,000001,13:51:45,11.0400,177,2
2026-06-15,000001,13:51:48,11.0300,37,2
2026-06-15,000001,13:51:51,11.0400,21,1
2026-06-15,000001,13:51:54,11.0400,48,1
2026-06-15,000001,13:51:57,11.0400,1,1
2026-06-15,000001,13:52:00,11.0400,89,1
2026-06-15,000001,13:52:03,11.0300,69,2
2026-06-15,000001,13:52:06,11.0400,34,1
2026-06-15,000001,13:52:09,11.0300,176,2
2026-06-15,000001,13:52:12,11.0400,11,1
2026-06-15,000001,13:52:15,11.0300,12,2
2026-06-15,000001,13:52:18,11.0400,208,1
2026-06-15,000001,13:52:21,11.0400,40,1
2026-06-15,000001,13:52:24,11.0400,1252,1
2026-06-15,000001,13:52:27,11.0300,1,2
2026-06-15,000001,13:52:30,11.0400,59,1
2026-06-15,000001,13:52:33,11.0400,563,1
2026-06-15,000001,13:52:36,11.0400,935,2
2026-06-15,000001,13:52:39,11.0400,858,2
2026-06-15,000001,13:52:42,11.0400,26,1
2026-06-15,000001,13:52:45,11.0400,13,1
2026-06-15,000001,13:52:48,11.0300,103,2
2026-06-15,000001,13:52:51,11.0400,5,1
2026-06-15,000001,13:52:54,11.0300,4,2
2026-06-15,000001,13:52:57,11.0300,60,2
2026-06-15,000001,13:53:00,11.0300,97,2
2026-06-15,000001,13:53:03,11.0300,15,2
2026-06-15,000001,13:53:06,11.0300,1733,2
2026-06-15,000001,13:53:09,11.0300,258,2
2026-06-15,000001,13:53:12,11.0300,18,2
2026-06-15,000001,13:53:15,11.0300,32,2
2026-06-15,000001,13:53:18,11.0300,137,2
2026-06-15,000001,13:53:21,11.0400,61,1
2026-06-15,000001,13:53:24,11.0400,205,1
2026-06-15,000001,13:53:27,11.0300,19,4
2026-06-15,000001,13:53:30,11.0300,47,2
2026-06-15,000001,13:53:33,11.0300,328,1
2026-06-15,000001,13:53:36,11.0300,281,2
2026-06-15,000001,13:53:39,11.0200,185,2
2026-06-15,000001,13:53:42,11.0300,2315,1
2026-06-15,000001,13:53:45,11.0400,25,1
2026-06-15,000001,13:53:48,11.0300,21,2
2026-06-15,000001,13:53:51,11.0400,20,1
2026-06-15,000001,13:53:54,11.0400,41,1
2026-06-15,000001,13:53:57,11.0300,16,2
2026-06-15,000001,13:54:00,11.0300,226,2
2026-06-15,000001,13:54:03,11.0300,108,2
2026-06-15,000001,13:54:06,11.0300,77,2
2026-06-15,000001,13:54:09,11.0300,509,2
2026-06-15,000001,13:54:12,11.0300,3,2
2026-06-15,000001,13:54:15,11.0300,264,2
2026-06-15,000001,13:54:18,11.0400,107,1
2026-06-15,000001,13:54:21,11.0300,70,2
2026-06-15,000001,13:54:24,11.0300,15,2
2026-06-15,000001,13:54:27,11.0300,62,2
2026-06-15,000001,13:54:30,11.0400,38,1
2026-06-15,000001,13:54:33,11.0300,79,2
2026-06-15,000001,13:54:36,11.0300,10,2
2026-06-15,000001,13:54:39,11.0300,50,2
2026-06-15,000001,13:54:42,11.0300,21,2
2026-06-15,000001,13:54:45,11.0300,34,2
2026-06-15,000001,13:54:48,11.0300,31,2
2026-06-15,000001,13:54:51,11.0300,61,2
2026-06-15,000001,13:54:54,11.0300,48,2
2026-06-15,000001,13:54:57,11.0300,3,2
2026-06-15,000001,13:55:00,11.0300,123,2
2026-06-15,000001,13:55:03,11.0400,379,1
2026-06-15,000001,13:55:06,11.0300,30,2
2026-06-15,000001,13:55:09,11.0300,19,2
2026-06-15,000001,13:55:12,11.0300,186,2
2026-06-15,000001,13:55:15,11.0400,119,1
2026-06-15,000001,13:55:18,11.0300,21,2
2026-06-15,000001,13:55:21,11.0300,45,2
2026-06-15,000001,13:55:24,11.0400,7,1
2026-06-15,000001,13:55:27,11.0300,20,2
2026-06-15,000001,13:55:30,11.0300,39,2
2026-06-15,000001,13:55:33,11.0400,309,1
2026-06-15,000001,13:55:36,11.0300,22,2
2026-06-15,000001,13:55:39,11.0400,158,1
2026-06-15,000001,13:55:42,11.0300,107,2
2026-06-15,000001,13:55:45,11.0300,26,2
2026-06-15,000001,13:55:48,11.0400,97,1
2026-06-15,000001,13:55:51,11.0300,27,2
2026-06-15,000001,13:55:54,11.0400,22,1
2026-06-15,000001,13:55:57,11.0400,44,1
2026-06-15,000001,13:56:00,11.0300,89,2
2026-06-15,000001,13:56:03,11.0300,211,2
2026-06-15,000001,13:56:06,11.0400,20,1
2026-06-15,000001,13:56:09,11.0400,54,1
2026-06-15,000001,13:56:12,11.0300,104,2
2026-06-15,000001,13:56:15,11.0400,8,1
2026-06-15,000001,13:56:18,11.0400,5,1
2026-06-15,000001,13:56:21,11.0300,49,2
2026-06-15,000001,13:56:24,11.0400,12,1
2026-06-15,000001,13:56:27,11.0300,257,2
2026-06-15,000001,13:56:30,11.0300,33,2
2026-06-15,000001,13:56:33,11.0300,112,2
2026-06-15,000001,13:56:36,11.0300,19,2
2026-06-15,000001,13:56:39,11.0400,384,1
2026-06-15,000001,13:56:42,11.0400,37,1
2026-06-15,000001,13:56:45,11.0400,8,1
2026-06-15,000001,13:56:48,11.0300,98,2
2026-06-15,000001,13:56:51,11.0300,258,2
2026-06-15,000001,13:56:54,11.0300,188,2
2026-06-15,000001,13:56:57,11.0400,32,1
2026-06-15,000001,13:57:00,11.0500,1820,1
2026-06-15,000001,13:57:03,11.0400,831,2
2026-06-15,000001,13:57:06,11.0400,250,2
2026-06-15,000001,13:57:09,11.0400,129,2
2026-06-15,000001,13:57:12,11.0500,505,1
2026-06-15,000001,13:57:15,11.0400,41,2
2026-06-15,000001,13:57:18,11.0400,130,2
2026-06-15,000001,13:57:21,11.0500,88,1
2026-06-15,000001,13:57:24,11.0400,369,2
2026-06-15,000001,13:57:27,11.0400,185,2
2026-06-15,000001,13:57:30,11.0400,359,2
2026-06-15,000001,13:57:33,11.0400,774,2
2026-06-15,000001,13:57:36,11.0400,155,4
2026-06-15,000001,13:57:39,11.0400,407,2
2026-06-15,000001,13:57:42,11.0300,691,2
2026-06-15,000001,13:57:45,11.0400,12,1
2026-06-15,000001,13:57:48,11.0300,42,2
2026-06-15,000001,13:57:51,11.0400,85,1
2026-06-15,000001,13:57:54,11.0300,355,2
2026-06-15,000001,13:57:57,11.0300,62,2
2026-06-15,000001,13:58:00,11.0300,56,2
2026-06-15,000001,13:58:03,11.0300,73,2
2026-06-15,000001,13:58:06,11.0400,44,1
2026-06-15,000001,13:58:09,11.0400,33,1
2026-06-15,000001,13:58:12,11.0300,149,2
2026-06-15,000001,13:58:15,11.0400,156,1
2026-06-15,000001,13:58:18,11.0400,52,1
2026-06-15,000001,13:58:21,11.0300,16,2
2026-06-15,000001,13:58:24,11.0300,51,2
2026-06-15,000001,13:58:27,11.0400,69,1
2026-06-15,000001,13:58:30,11.0400,89,1
2026-06-15,000001,13:58:33,11.0400,70,1
2026-06-15,000001,13:58:36,11.0400,159,1
2026-06-15,000001,13:58:39,11.0400,104,1
2026-06-15,000001,13:58:42,11.0300,196,2
2026-06-15,000001,13:58:45,11.0400,114,1
2026-06-15,000001,13:58:48,11.0300,38,2
2026-06-15,000001,13:58:51,11.0300,31,2
2026-06-15,000001,13:58:54,11.0400,125,1
2026-06-15,000001,13:58:57,11.0400,157,1
2026-06-15,000001,13:59:00,11.0400,55,1
2026-06-15,000001,13:59:03,11.0300,171,2
2026-06-15,000001,13:59:06,11.0300,104,2
2026-06-15,000001,13:59:09,11.0300,5,2
2026-06-15,000001,13:59:12,11.0400,386,1
2026-06-15,000001,13:59:15,11.0300,103,2
2026-06-15,000001,13:59:18,11.0300,72,2
2026-06-15,000001,13:59:21,11.0400,158,1
2026-06-15,000001,13:59:24,11.0300,19,2
2026-06-15,000001,13:59:27,11.0300,156,2
2026-06-15,000001,13:59:30,11.0300,41,2
2026-06-15,000001,13:59:33,11.0400,737,1
2026-06-15,000001,13:59:36,11.0400,6,1
2026-06-15,000001,13:59:39,11.0300,23,2
2026-06-15,000001,13:59:42,11.0300,137,2
2026-06-15,000001,13:59:45,11.0400,109,1
2026-06-15,000001,13:59:48,11.0400,44,1
2026-06-15,000001,13:59:51,11.0400,139,1
2026-06-15,000001,13:59:54,11.0400,23,1
2026-06-15,000001,13:59:57,11.0300,234,2
2026-06-15,000001,14:00:00,11.0300,13,2
2026-06-15,000001,14:00:03,11.0300,240,2
2026-06-15,000001,14:00:06,11.0300,167,2
2026-06-15,000001,14:00:09,11.0400,34,1
2026-06-15,000001,14:00:12,11.0300,310,2
2026-06-15,000001,14:00:15,11.0300,13,2
2026-06-15,000001,14:00:18,11.0400,1072,1
2026-06-15,000001,14:00:21,11.0500,366,1
2026-06-15,000001,14:00:24,11.0500,331,1
2026-06-15,000001,14:00:27,11.0400,97,2
2026-06-15,000001,14:00:30,11.0400,34,2
2026-06-15,000001,14:00:33,11.0400,102,2
2026-06-15,000001,14:00:36,11.0500,6,1
2026-06-15,000001,14:00:39,11.0500,210,1
2026-06-15,000001,14:00:42,11.0400,383,2
2026-06-15,000001,14:00:45,11.0400,3,2
2026-06-15,000001,14:00:48,11.0400,39,2
2026-06-15,000001,14:00:51,11.0500,102,1
2026-06-15,000001,14:00:54,11.0500,28,1
2026-06-15,000001,14:00:57,11.0500,33,1
2026-06-15,000001,14:01:00,11.0500,71,1
2026-06-15,000001,14:01:03,11.0400,496,2
2026-06-15,000001,14:01:06,11.0500,31,1
2026-06-15,000001,14:01:09,11.0400,80,2
2026-06-15,000001,14:01:12,11.0400,64,2
2026-06-15,000001,14:01:15,11.0400,36,2
2026-06-15,000001,14:01:18,11.0400,454,2
2026-06-15,000001,14:01:21,11.0500,22,1
2026-06-15,000001,14:01:24,11.0400,98,2
2026-06-15,000001,14:01:27,11.0400,214,2
2026-06-15,000001,14:01:30,11.0400,1400,2
2026-06-15,000001,14:01:33,11.0400,35,1
2026-06-15,000001,14:01:36,11.0400,146,1
2026-06-15,000001,14:01:39,11.0300,30,2
2026-06-15,000001,14:01:42,11.0300,34,2
2026-06-15,000001,14:01:45,11.0400,1,1
2026-06-15,000001,14:01:48,11.0400,103,1
2026-06-15,000001,14:01:51,11.0400,7,1
2026-06-15,000001,14:01:54,11.0400,20,1
2026-06-15,000001,14:01:57,11.0300,24,2
2026-06-15,000001,14:02:00,11.0400,11,1
2026-06-15,000001,14:02:03,11.0400,41,1
2026-06-15,000001,14:02:06,11.0300,32,2
2026-06-15,000001,14:02:09,11.0400,52,1
2026-06-15,000001,14:02:12,11.0400,98,1
2026-06-15,000001,14:02:15,11.0400,394,1
2026-06-15,000001,14:02:18,11.0400,186,1
2026-06-15,000001,14:02:21,11.0400,320,1
2026-06-15,000001,14:02:24,11.0300,18,2
2026-06-15,000001,14:02:27,11.0300,561,2
2026-06-15,000001,14:02:30,11.0400,8,1
2026-06-15,000001,14:02:33,11.0300,13,2
2026-06-15,000001,14:02:36,11.0300,6,2
2026-06-15,000001,14:02:39,11.0300,19,2
2026-06-15,000001,14:02:42,11.0400,170,1
2026-06-15,000001,14:02:45,11.0400,100,1
2026-06-15,000001,14:02:48,11.0300,66,2
2026-06-15,000001,14:02:51,11.0400,43,1
2026-06-15,000001,14:02:57,11.0300,24,2
2026-06-15,000001,14:03:00,11.0400,147,1
2026-06-15,000001,14:03:03,11.0300,74,2
2026-06-15,000001,14:03:06,11.0300,69,2
2026-06-15,000001,14:03:09,11.0400,36,1
2026-06-15,000001,14:03:12,11.0400,46,1
2026-06-15,000001,14:03:15,11.0400,51,1
2026-06-15,000001,14:03:18,11.0300,37,2
2026-06-15,000001,14:03:21,11.0400,11,1
2026-06-15,000001,14:03:24,11.0400,12,1
2026-06-15,000001,14:03:30,11.0400,26,1
2026-06-15,000001,14:03:33,11.0400,135,1
2026-06-15,000001,14:03:36,11.0300,324,2
2026-06-15,000001,14:03:39,11.0400,14,1
2026-06-15,000001,14:03:42,11.0400,132,1
2026-06-15,000001,14:03:45,11.0300,79,2
2026-06-15,000001,14:03:48,11.0400,103,1
2026-06-15,000001,14:03:51,11.0400,17,1
2026-06-15,000001,14:03:54,11.0400,24,1
2026-06-15,000001,14:03:57,11.0300,70,2
2026-06-15,000001,14:04:00,11.0300,10,2
2026-06-15,000001,14:04:03,11.0300,28,2
2026-06-15,000001,14:04:06,11.0300,55,2
2026-06-15,000001,14:04:09,11.0300,69,2
2026-06-15,000001,14:04:12,11.0300,62,2
2026-06-15,000001,14:04:15,11.0300,98,2
2026-06-15,000001,14:04:18,11.0300,118,2
2026-06-15,000001,14:04:21,11.0300,74,2
2026-06-15,000001,14:04:24,11.0400,97,1
2026-06-15,000001,14:04:27,11.0400,85,1
2026-06-15,000001,14:04:30,11.0400,121,1
2026-06-15,000001,14:04:33,11.0400,16,1
2026-06-15,000001,14:04:36,11.0400,59,1
2026-06-15,000001,14:04:39,11.0400,1,1
2026-06-15,000001,14:04:42,11.0400,468,1
2026-06-15,000001,14:04:45,11.0300,69,2
2026-06-15,000001,14:04:48,11.0300,141,2
2026-06-15,000001,14:04:51,11.0400,293,1
2026-06-15,000001,14:04:54,11.0300,27,2
2026-06-15,000001,14:04:57,11.0300,143,2
2026-06-15,000001,14:05:00,11.0400,230,1
2026-06-15,000001,14:05:03,11.0300,97,2
2026-06-15,000001,14:05:06,11.0300,82,2
2026-06-15,000001,14:05:09,11.0400,84,1
2026-06-15,000001,14:05:12,11.0300,58,2
2026-06-15,000001,14:05:15,11.0400,60,1
2026-06-15,000001,14:05:18,11.0300,55,2
2026-06-15,000001,14:05:21,11.0300,147,2
2026-06-15,000001,14:05:24,11.0300,262,2
2026-06-15,000001,14:05:27,11.0300,2957,2
2026-06-15,000001,14:05:30,11.0300,1248,1
2026-06-15,000001,14:05:33,11.0300,470,2
2026-06-15,000001,14:05:36,11.0300,13,2
2026-06-15,000001,14:05:39,11.0400,639,1
2026-06-15,000001,14:05:42,11.0400,54,1
2026-06-15,000001,14:05:45,11.0400,38,1
2026-06-15,000001,14:05:48,11.0400,194,1
2026-06-15,000001,14:05:51,11.0300,237,2
2026-06-15,000001,14:05:54,11.0400,395,1
2026-06-15,000001,14:05:57,11.0400,1413,1
2026-06-15,000001,14:06:00,11.0400,18,2
2026-06-15,000001,14:06:03,11.0400,24,2
2026-06-15,000001,14:06:06,11.0400,113,2
2026-06-15,000001,14:06:09,11.0400,24,2
2026-06-15,000001,14:06:12,11.0500,5,1
2026-06-15,000001,14:06:15,11.0400,44,2
2026-06-15,000001,14:06:18,11.0500,10,1
2026-06-15,000001,10:54:42,11.1200,62,2
2026-06-15,000001,10:54:45,11.1300,31,1
2026-06-15,000001,10:54:48,11.1300,87,1
2026-06-15,000001,10:54:51,11.1200,85,2
2026-06-15,000001,10:54:54,11.1200,141,2
2026-06-15,000001,10:54:57,11.1200,19,2
2026-06-15,000001,10:55:00,11.1200,10,2
2026-06-15,000001,10:55:03,11.1300,9,1
2026-06-15,000001,10:55:09,11.1300,129,1
2026-06-15,000001,10:55:12,11.1300,122,1
2026-06-15,000001,10:55:18,11.1300,33,1
2026-06-15,000001,10:55:21,11.1200,209,2
2026-06-15,000001,10:55:24,11.1200,170,2
2026-06-15,000001,10:55:27,11.1200,555,2
2026-06-15,000001,10:55:30,11.1300,93,1
2026-06-15,000001,10:55:33,11.1200,10,2
2026-06-15,000001,10:55:36,11.1200,507,2
2026-06-15,000001,10:55:39,11.1200,64,2
2026-06-15,000001,10:55:42,11.1200,54,1
2026-06-15,000001,10:55:45,11.1200,180,1
2026-06-15,000001,10:55:48,11.1200,84,1
2026-06-15,000001,10:55:51,11.1100,6,2
2026-06-15,000001,10:55:54,11.1200,293,1
2026-06-15,000001,10:55:57,11.1300,958,1
2026-06-15,000001,10:56:00,11.1200,54,2
2026-06-15,000001,10:56:03,11.1200,1,2
2026-06-15,000001,10:56:06,11.1200,85,2
2026-06-15,000001,10:56:09,11.1200,231,2
2026-06-15,000001,10:56:15,11.1200,1,1
2026-06-15,000001,10:56:18,11.1200,74,1
2026-06-15,000001,10:56:21,11.1200,24,1
2026-06-15,000001,10:56:24,11.1200,6,1
2026-06-15,000001,10:56:27,11.1100,16,2
2026-06-15,000001,10:56:30,11.1200,6,1
2026-06-15,000001,10:56:33,11.1100,113,2
2026-06-15,000001,10:56:36,11.1200,65,1
2026-06-15,000001,10:56:39,11.1200,28,1
2026-06-15,000001,10:56:42,11.1200,25,1
2026-06-15,000001,10:56:45,11.1200,15,1
2026-06-15,000001,10:56:48,11.1200,90,1
2026-06-15,000001,10:56:51,11.1100,11,2
2026-06-15,000001,10:56:54,11.1100,5,2
2026-06-15,000001,10:56:57,11.1200,40,1
2026-06-15,000001,10:57:00,11.1200,3,1
2026-06-15,000001,10:57:03,11.1200,111,1
2026-06-15,000001,10:57:06,11.1200,150,1
2026-06-15,000001,10:57:09,11.1200,161,1
2026-06-15,000001,10:57:12,11.1200,43,1
2026-06-15,000001,10:57:15,11.1200,108,1
2026-06-15,000001,10:57:18,11.1100,6,2
2026-06-15,000001,10:57:21,11.1200,35,1
2026-06-15,000001,10:57:24,11.1200,7,1
2026-06-15,000001,10:57:27,11.1100,83,2
2026-06-15,000001,10:57:30,11.1200,67,1
2026-06-15,000001,10:57:33,11.1100,51,2
2026-06-15,000001,10:57:36,11.1100,18,2
2026-06-15,000001,10:57:39,11.1200,74,1
2026-06-15,000001,10:57:42,11.1100,74,2
2026-06-15,000001,10:57:45,11.1200,61,1
2026-06-15,000001,10:57:48,11.1100,180,2
2026-06-15,000001,10:57:51,11.1200,17,1
2026-06-15,000001,10:57:54,11.1100,41,2
2026-06-15,000001,10:57:57,11.1200,62,1
2026-06-15,000001,10:58:00,11.1200,39,1
2026-06-15,000001,10:58:03,11.1100,64,2
2026-06-15,000001,10:58:06,11.1100,14,2
2026-06-15,000001,10:58:09,11.1100,97,2
2026-06-15,000001,10:58:12,11.1200,7,1
2026-06-15,000001,10:58:15,11.1100,199,2
2026-06-15,000001,10:58:18,11.1100,16,2
2026-06-15,000001,10:58:21,11.1100,17,2
2026-06-15,000001,10:58:24,11.1100,14,2
2026-06-15,000001,10:58:27,11.1200,26,1
2026-06-15,000001,10:58:30,11.1100,24,2
2026-06-15,000001,10:58:33,11.1100,281,2
2026-06-15,000001,10:58:36,11.1100,38,2
2026-06-15,000001,10:58:39,11.1100,12,2
2026-06-15,000001,10:58:42,11.1100,59,2
2026-06-15,000001,10:58:48,11.1200,28,1
2026-06-15,000001,10:58:51,11.1100,836,2
2026-06-15,000001,10:58:54,11.1100,361,2
2026-06-15,000001,10:58:57,11.1100,566,2
2026-06-15,000001,10:59:00,11.1100,526,2
2026-06-15,000001,10:59:03,11.1100,1486,2
2026-06-15,000001,10:59:06,11.1100,388,2
2026-06-15,000001,10:59:09,11.1200,233,1
2026-06-15,000001,10:59:12,11.1100,177,2
2026-06-15,000001,10:59:15,11.1200,206,1
2026-06-15,000001,10:59:18,11.1100,8128,2
2026-06-15,000001,10:59:21,11.1000,33,2
2026-06-15,000001,10:59:24,11.1100,522,1
2026-06-15,000001,10:59:27,11.1100,86,1
2026-06-15,000001,10:59:30,11.1100,5,1
2026-06-15,000001,10:59:33,11.1000,75,2
2026-06-15,000001,10:59:36,11.1100,26,1
2026-06-15,000001,10:59:39,11.1000,30,2
2026-06-15,000001,10:59:42,11.1100,1609,1
2026-06-15,000001,10:59:45,11.1100,69,1
2026-06-15,000001,10:59:48,11.1100,31,1
2026-06-15,000001,10:59:51,11.1000,9,2
2026-06-15,000001,10:59:54,11.1100,2006,1
2026-06-15,000001,10:59:57,11.1000,53,2
2026-06-15,000001,11:00:00,11.1000,4,2
2026-06-15,000001,11:00:03,11.1000,401,2
2026-06-15,000001,11:00:06,11.1100,308,1
2026-06-15,000001,11:00:09,11.1000,203,2
2026-06-15,000001,11:00:12,11.1000,214,2
2026-06-15,000001,11:00:15,11.1000,97,2
2026-06-15,000001,11:00:18,11.1000,81,2
2026-06-15,000001,11:00:21,11.1100,66,1
2026-06-15,000001,11:00:24,11.1000,211,2
2026-06-15,000001,11:00:27,11.1000,113,2
2026-06-15,000001,11:00:30,11.1100,174,1
2026-06-15,000001,11:00:33,11.1000,44,2
2026-06-15,000001,11:00:36,11.1100,11,1
2026-06-15,000001,11:00:39,11.1100,39,1
2026-06-15,000001,11:00:42,11.1000,5,2
2026-06-15,000001,11:00:45,11.1000,124,2
2026-06-15,000001,11:00:48,11.1100,34,1
2026-06-15,000001,11:00:51,11.1000,32,2
2026-06-15,000001,11:00:54,11.1000,21,2
2026-06-15,000001,11:00:57,11.1100,74,1
2026-06-15,000001,11:01:00,11.1000,228,2
2026-06-15,000001,11:01:03,11.1100,193,1
2026-06-15,000001,11:01:06,11.1100,202,1
2026-06-15,000001,11:01:09,11.1000,3847,2
2026-06-15,000001,11:01:12,11.1000,1925,2
2026-06-15,000001,11:01:15,11.1100,353,1
2026-06-15,000001,11:01:18,11.1000,1070,2
2026-06-15,000001,11:01:21,11.1000,959,2
2026-06-15,000001,11:01:24,11.1000,1097,2
2026-06-15,000001,11:01:27,11.1000,209,2
2026-06-15,000001,11:01:30,11.1000,281,1
2026-06-15,000001,11:01:33,11.1000,400,2
2026-06-15,000001,11:01:36,11.1000,212,2
2026-06-15,000001,11:01:39,11.0900,149,2
2026-06-15,000001,11:01:42,11.1000,144,4
2026-06-15,000001,11:01:45,11.1000,178,1
2026-06-15,000001,11:01:48,11.1000,167,1
2026-06-15,000001,11:01:51,11.1000,12,1
2026-06-15,000001,11:01:54,11.0900,229,2
2026-06-15,000001,11:01:57,11.1000,106,1
2026-06-15,000001,11:02:00,11.1000,17,1
2026-06-15,000001,11:02:03,11.0900,19,2
2026-06-15,000001,11:02:06,11.0900,46,2
2026-06-15,000001,11:02:09,11.1000,8,1
2026-06-15,000001,11:02:12,11.0900,28,2
2026-06-15,000001,11:02:15,11.1000,8,1
2026-06-15,000001,11:02:18,11.1000,132,1
2026-06-15,000001,11:02:21,11.0900,54,2
2026-06-15,000001,11:02:24,11.1000,20,1
2026-06-15,000001,11:02:27,11.1000,29,1
2026-06-15,000001,11:02:30,11.0900,143,2
2026-06-15,000001,11:02:33,11.1000,188,1
2026-06-15,000001,11:02:36,11.0900,42,2
2026-06-15,000001,11:02:39,11.1000,32,1
2026-06-15,000001,11:02:42,11.1000,19,1
2026-06-15,000001,11:02:45,11.1000,1,1
2026-06-15,000001,11:02:48,11.0900,182,2
2026-06-15,000001,11:02:51,11.0900,65,2
2026-06-15,000001,11:02:54,11.0900,335,2
2026-06-15,000001,11:02:57,11.1000,20,1
2026-06-15,000001,11:03:00,11.1000,162,1
2026-06-15,000001,11:03:03,11.0900,520,2
2026-06-15,000001,11:03:06,11.0900,109,2
2026-06-15,000001,11:03:09,11.1000,155,1
2026-06-15,000001,11:03:12,11.0900,147,2
2026-06-15,000001,11:03:15,11.0900,439,2
2026-06-15,000001,11:03:18,11.1000,97,1
2026-06-15,000001,11:03:21,11.1000,15,1
2026-06-15,000001,11:03:24,11.1000,6,1
2026-06-15,000001,11:03:27,11.0900,39,2
2026-06-15,000001,11:03:30,11.1000,65,1
2026-06-15,000001,11:03:33,11.0900,67,2
2026-06-15,000001,11:03:36,11.1000,1,1
2026-06-15,000001,11:03:39,11.1000,7,1
2026-06-15,000001,11:03:42,11.1000,557,1
2026-06-15,000001,11:03:45,11.1000,2,1
2026-06-15,000001,11:03:48,11.0900,15,2
2026-06-15,000001,11:03:51,11.0900,136,2
2026-06-15,000001,11:03:54,11.0900,54,2
2026-06-15,000001,11:03:57,11.0900,17,2
2026-06-15,000001,11:04:00,11.0900,67,2
2026-06-15,000001,11:04:03,11.0900,1,2
2026-06-15,000001,11:04:06,11.1000,33,1
2026-06-15,000001,11:04:09,11.1000,30,1
2026-06-15,000001,11:04:12,11.1000,10,1
2026-06-15,000001,11:04:15,11.0900,56,2
2026-06-15,000001,11:04:18,11.0900,147,2
2026-06-15,000001,11:04:21,11.0900,33,2
2026-06-15,000001,11:04:24,11.0900,37,2
2026-06-15,000001,11:04:27,11.1000,45,1
2026-06-15,000001,11:04:30,11.0900,145,2
2026-06-15,000001,11:04:33,11.1000,100,1
2026-06-15,000001,11:04:36,11.1000,18,1
2026-06-15,000001,11:04:39,11.1000,76,1
2026-06-15,000001,11:04:42,11.1000,215,1
2026-06-15,000001,11:04:45,11.1000,353,1
2026-06-15,000001,11:04:48,11.1000,10,1
2026-06-15,000001,11:04:51,11.1000,981,1
2026-06-15,000001,11:04:54,11.1100,1433,1
2026-06-15,000001,11:04:57,11.1000,79,2
2026-06-15,000001,11:05:00,11.1000,38,2
2026-06-15,000001,11:05:03,11.1100,31,1
2026-06-15,000001,11:05:06,11.1000,57,2
2026-06-15,000001,11:05:09,11.1000,3,2
2026-06-15,000001,11:05:12,11.1000,53,2
2026-06-15,000001,11:05:15,11.1000,14,2
2026-06-15,000001,11:05:18,11.1000,88,2
2026-06-15,000001,11:05:21,11.1100,10,1
2026-06-15,000001,11:05:24,11.1100,13,1
2026-06-15,000001,11:05:27,11.1000,102,2
2026-06-15,000001,11:05:30,11.1000,112,2
2026-06-15,000001,11:05:33,11.1000,225,2
2026-06-15,000001,11:05:36,11.1000,29,2
2026-06-15,000001,11:05:39,11.1100,1,1
2026-06-15,000001,11:05:42,11.1000,16,2
2026-06-15,000001,11:05:45,11.1100,20,1
2026-06-15,000001,11:05:48,11.1100,24,1
2026-06-15,000001,11:05:51,11.1100,24,1
2026-06-15,000001,11:05:54,11.1000,15,2
2026-06-15,000001,11:05:57,11.1100,36,1
2026-06-15,000001,11:06:00,11.1100,1,1
2026-06-15,000001,11:06:03,11.1000,90,2
2026-06-15,000001,11:06:06,11.1100,45,1
2026-06-15,000001,11:06:09,11.1000,49,2
2026-06-15,000001,11:06:12,11.1100,2,1
2026-06-15,000001,11:06:15,11.1100,1,1
2026-06-15,000001,11:06:18,11.1000,16,2
2026-06-15,000001,11:06:21,11.1000,20,2
2026-06-15,000001,11:06:24,11.1000,1439,2
2026-06-15,000001,11:06:27,11.1000,2,2
2026-06-15,000001,11:06:30,11.1100,30,1
2026-06-15,000001,11:06:33,11.1000,30,2
2026-06-15,000001,11:06:36,11.1100,17,1
2026-06-15,000001,11:06:39,11.1000,561,2
2026-06-15,000001,11:06:42,11.1000,928,2
2026-06-15,000001,11:06:45,11.1000,623,2
2026-06-15,000001,11:06:48,11.1000,181,2
2026-06-15,000001,11:06:51,11.1000,327,1
2026-06-15,000001,11:06:54,11.1000,22,2
2026-06-15,000001,11:06:57,11.1100,6,1
2026-06-15,000001,11:07:00,11.1000,20,2
2026-06-15,000001,11:07:03,11.1100,1534,1
2026-06-15,000001,11:07:06,11.1000,33,2
2026-06-15,000001,11:07:09,11.1100,2340,1
2026-06-15,000001,11:07:12,11.1200,42,1
2026-06-15,000001,11:07:18,11.1200,23,1
2026-06-15,000001,11:07:21,11.1100,111,2
2026-06-15,000001,11:07:24,11.1100,241,2
2026-06-15,000001,11:07:27,11.1200,68,1
2026-06-15,000001,11:07:30,11.1200,66,1
2026-06-15,000001,11:07:33,11.1200,18,1
2026-06-15,000001,11:07:36,11.1200,22,1
2026-06-15,000001,11:07:39,11.1100,29,2
2026-06-15,000001,11:07:42,11.1100,2,2
2026-06-15,000001,11:07:48,11.1200,356,1
2026-06-15,000001,11:07:51,11.1200,16,1
2026-06-15,000001,11:07:54,11.1200,6,1
2026-06-15,000001,11:07:57,11.1100,72,2
2026-06-15,000001,11:08:00,11.1100,22,2
2026-06-15,000001,11:08:03,11.1200,50,1
2026-06-15,000001,11:08:06,11.1100,136,2
2026-06-15,000001,11:08:09,11.1100,16,2
2026-06-15,000001,11:08:15,11.1200,1,1
2026-06-15,000001,11:08:18,11.1100,115,2
2026-06-15,000001,11:08:21,11.1100,88,2
2026-06-15,000001,11:08:24,11.1200,1,1
2026-06-15,000001,11:08:27,11.1100,11,2
2026-06-15,000001,11:08:30,11.1200,21,1
2026-06-15,000001,11:08:33,11.1200,13,1
2026-06-15,000001,11:08:36,11.1200,11,1
2026-06-15,000001,11:08:42,11.1200,1,1
2026-06-15,000001,11:08:45,11.1200,26,1
2026-06-15,000001,11:08:48,11.1200,21,1
2026-06-15,000001,11:08:51,11.1200,2,1
2026-06-15,000001,11:08:54,11.1200,43,1
2026-06-15,000001,11:08:57,11.1200,12,1
2026-06-15,000001,11:09:00,11.1100,16,2
2026-06-15,000001,11:09:03,11.1200,95,1
2026-06-15,000001,11:09:06,11.1200,2,1
2026-06-15,000001,11:09:09,11.1200,13,1
2026-06-15,000001,11:09:12,11.1200,39,1
2026-06-15,000001,11:09:15,11.1200,1,1
2026-06-15,000001,11:09:18,11.1200,33,1
2026-06-15,000001,11:09:21,11.1100,4,2
2026-06-15,000001,11:09:24,11.1200,10,1
2026-06-15,000001,11:09:27,11.1200,5,1
2026-06-15,000001,11:09:30,11.1100,272,2
2026-06-15,000001,11:09:33,11.1100,95,2
2026-06-15,000001,11:09:36,11.1100,47,2
2026-06-15,000001,11:09:39,11.1200,33,1
2026-06-15,000001,11:09:42,11.1100,36,2
2026-06-15,000001,11:09:45,11.1200,109,1
2026-06-15,000001,11:09:48,11.1100,15,2
2026-06-15,000001,11:09:51,11.1100,53,2
2026-06-15,000001,11:09:54,11.1200,603,1
2026-06-15,000001,11:09:57,11.1200,30,1
2026-06-15,000001,11:10:00,11.1100,31,2
2026-06-15,000001,11:10:03,11.1200,13,1
2026-06-15,000001,11:10:06,11.1200,9,1
2026-06-15,000001,11:10:09,11.1100,19,2
2026-06-15,000001,11:10:12,11.1200,17,1
2026-06-15,000001,11:10:15,11.1200,31,1
2026-06-15,000001,11:10:18,11.1200,104,1
2026-06-15,000001,11:10:21,11.1200,72,1
2026-06-15,000001,11:10:24,11.1100,55,2
2026-06-15,000001,11:10:27,11.1200,40,1
2026-06-15,000001,11:10:30,11.1200,23,1
2026-06-15,000001,11:10:33,11.1200,26,1
2026-06-15,000001,11:10:36,11.1200,44,1
2026-06-15,000001,11:10:39,11.1200,124,1
2026-06-15,000001,11:10:42,11.1100,18,2
2026-06-15,000001,11:10:45,11.1100,88,2
2026-06-15,000001,11:10:48,11.1200,56,1
2026-06-15,000001,11:10:51,11.1200,77,1
2026-06-15,000001,11:10:54,11.1100,73,2
2026-06-15,000001,11:10:57,11.1200,18,1
2026-06-15,000001,11:11:00,11.1200,17,1
2026-06-15,000001,11:11:03,11.1200,15,1
2026-06-15,000001,11:11:06,11.1200,238,1
2026-06-15,000001,11:11:09,11.1100,37,2
2026-06-15,000001,11:11:12,11.1200,49,1
2026-06-15,000001,11:11:15,11.1200,157,1
2026-06-15,000001,11:11:18,11.1100,179,2
2026-06-15,000001,11:11:21,11.1100,77,2
2026-06-15,000001,11:11:24,11.1100,244,2
2026-06-15,000001,11:11:27,11.1100,606,2
2026-06-15,000001,11:11:30,11.1100,431,2
2026-06-15,000001,11:11:33,11.1200,131,1
2026-06-15,000001,11:11:36,11.1200,476,1
2026-06-15,000001,11:11:39,11.1100,44,2
2026-06-15,000001,11:11:42,11.1100,637,2
2026-06-15,000001,11:11:45,11.1100,21,2
2026-06-15,000001,11:11:48,11.1100,81,2
2026-06-15,000001,11:11:51,11.1100,127,2
2026-06-15,000001,11:11:54,11.1100,144,1
2026-06-15,000001,11:11:57,11.1200,102,1
2026-06-15,000001,11:12:00,11.1100,13,2
2026-06-15,000001,11:12:03,11.1200,110,1
2026-06-15,000001,11:12:06,11.1200,20,1
2026-06-15,000001,11:12:09,11.1200,40,1
2026-06-15,000001,11:12:12,11.1100,46,2
2026-06-15,000001,11:12:15,11.1100,88,2
2026-06-15,000001,11:12:18,11.1100,31,2
2026-06-15,000001,11:12:21,11.1200,10,1
2026-06-15,000001,11:12:24,11.1200,111,1
2026-06-15,000001,11:12:30,11.1100,52,2
2026-06-15,000001,11:12:33,11.1100,57,2
2026-06-15,000001,11:12:36,11.1200,42,1
2026-06-15,000001,11:12:39,11.1100,61,2
2026-06-15,000001,11:12:42,11.1100,160,2
2026-06-15,000001,11:12:45,11.1100,182,2
2026-06-15,000001,11:12:48,11.1100,39,2
2026-06-15,000001,11:12:51,11.1100,69,2
2026-06-15,000001,11:12:54,11.1100,97,2
2026-06-15,000001,11:12:57,11.1100,132,2
2026-06-15,000001,11:13:00,11.1100,87,2
2026-06-15,000001,11:13:03,11.1000,87,2
2026-06-15,000001,11:13:06,11.1000,199,2
2026-06-15,000001,11:13:09,11.1100,148,1
2026-06-15,000001,11:13:12,11.1100,11,2
2026-06-15,000001,11:13:15,11.1100,173,2
2026-06-15,000001,11:13:18,11.1100,37,2
2026-06-15,000001,11:13:21,11.1100,29,2
2026-06-15,000001,11:13:24,11.1100,78,1
2026-06-15,000001,11:13:27,11.1100,175,1
2026-06-15,000001,11:13:30,11.1100,213,1
2026-06-15,000001,11:13:33,11.1100,108,2
2026-06-15,000001,11:13:36,11.1100,120,1
2026-06-15,000001,11:13:39,11.1100,388,1
2026-06-15,000001,11:13:42,11.1200,17,1
2026-06-15,000001,11:13:45,11.1100,1,2
2026-06-15,000001,11:13:48,11.1100,100,2
2026-06-15,000001,11:13:51,11.1100,176,2
2026-06-15,000001,11:13:54,11.1100,157,1
2026-06-15,000001,11:13:57,11.1100,1554,2
2026-06-15,000001,11:14:00,11.1100,49,1
2026-06-15,000001,11:14:03,11.1100,19,1
2026-06-15,000001,11:14:06,11.1100,151,1
2026-06-15,000001,11:14:09,11.1100,50,1
2026-06-15,000001,11:14:12,11.1000,14,2
2026-06-15,000001,11:14:15,11.1100,321,1
2026-06-15,000001,11:14:18,11.1100,22,1
2026-06-15,000001,11:14:21,11.1000,52,2
2026-06-15,000001,11:14:24,11.1100,16,1
2026-06-15,000001,11:14:27,11.1100,68,1
2026-06-15,000001,11:14:30,11.1100,84,1
2026-06-15,000001,11:14:33,11.1100,29,1
2026-06-15,000001,11:14:36,11.1000,53,2
2026-06-15,000001,11:14:42,11.1000,127,2
2026-06-15,000001,11:14:45,11.1000,33,2
2026-06-15,000001,11:14:48,11.1100,130,1
2026-06-15,000001,11:14:51,11.1100,85,1
2026-06-15,000001,11:14:54,11.1100,165,1
2026-06-15,000001,11:14:57,11.1100,80,1
2026-06-15,000001,11:15:00,11.1100,54,1
2026-06-15,000001,11:15:03,11.1100,72,1
2026-06-15,000001,11:15:06,11.1100,147,1
2026-06-15,000001,11:15:09,11.1100,36,1
2026-06-15,000001,11:15:12,11.1000,461,2
2026-06-15,000001,11:15:15,11.1100,121,1
2026-06-15,000001,11:15:18,11.1000,247,2
2026-06-15,000001,11:15:21,11.1100,206,1
2026-06-15,000001,11:15:24,11.1000,2368,2
2026-06-15,000001,11:15:27,11.1000,3042,1
2026-06-15,000001,11:15:30,11.1100,235,1
2026-06-15,000001,11:15:33,11.1000,58,2
2026-06-15,000001,11:15:36,11.1100,25,1
2026-06-15,000001,11:15:39,11.1100,30,1
2026-06-15,000001,11:15:42,11.1000,131,2
2026-06-15,000001,11:15:45,11.1100,26,1
2026-06-15,000001,11:15:48,11.1100,28,1
2026-06-15,000001,11:15:51,11.1100,40,1
2026-06-15,000001,11:15:54,11.1100,70,1
2026-06-15,000001,11:15:57,11.1100,68,1
2026-06-15,000001,11:16:00,11.1000,931,2
2026-06-15,000001,11:16:03,11.1000,164,1
2026-06-15,000001,11:16:06,11.1100,120,1
2026-06-15,000001,11:16:09,11.1000,285,2
2026-06-15,000001,11:16:12,11.0900,65,2
2026-06-15,000001,11:16:15,11.1100,203,1
2026-06-15,000001,11:16:18,11.1000,60,4
2026-06-15,000001,11:16:21,11.0900,170,2
2026-06-15,000001,11:16:24,11.1000,63,1
2026-06-15,000001,11:16:27,11.1000,310,1
2026-06-15,000001,11:16:30,11.1100,90,1
2026-06-15,000001,11:16:33,11.1000,74,4
2026-06-15,000001,11:16:36,11.1100,108,1
2026-06-15,000001,11:16:39,11.0900,124,2
2026-06-15,000001,11:16:42,11.1100,52,1
2026-06-15,000001,11:16:45,11.1000,42,4
2026-06-15,000001,11:16:48,11.1000,189,2
2026-06-15,000001,11:16:51,11.1000,171,2
2026-06-15,000001,11:16:54,11.1000,57,1
2026-06-15,000001,11:16:57,11.1000,80,2
2026-06-15,000001,11:17:00,11.1000,54,2
2026-06-15,000001,11:17:03,11.1000,78,1
2026-06-15,000001,11:17:06,11.1000,47,1
2026-06-15,000001,11:17:09,11.1000,53,2
2026-06-15,000001,11:17:12,11.1000,43,1
2026-06-15,000001,11:17:15,11.1000,154,2
2026-06-15,000001,11:17:18,11.1100,74,1
2026-06-15,000001,11:17:21,11.1000,91,2
2026-06-15,000001,11:17:24,11.0900,101,2
2026-06-15,000001,11:17:27,11.1000,11,4
2026-06-15,000001,11:17:30,11.1000,277,2
2026-06-15,000001,11:17:33,11.1000,161,2
2026-06-15,000001,11:17:36,11.1100,53,1
2026-06-15,000001,11:17:39,11.1000,23,2
2026-06-15,000001,11:17:42,11.1000,185,2
2026-06-15,000001,11:17:45,11.1000,27,1
2026-06-15,000001,11:17:48,11.1000,48,1
2026-06-15,000001,11:17:51,11.0900,272,2
2026-06-15,000001,11:17:54,11.1000,85,1
2026-06-15,000001,11:17:57,11.1000,24,1
2026-06-15,000001,11:18:00,11.0900,37,2
2026-06-15,000001,11:18:03,11.0900,46,2
2026-06-15,000001,11:18:06,11.1000,27,1
2026-06-15,000001,11:18:09,11.0900,59,2
2026-06-15,000001,11:18:12,11.0900,15,2
2026-06-15,000001,11:18:15,11.0900,55,2
2026-06-15,000001,11:18:18,11.0900,51,2
2026-06-15,000001,11:18:21,11.1000,89,1
2026-06-15,000001,11:18:24,11.0900,491,2
2026-06-15,000001,11:18:27,11.1000,53,1
2026-06-15,000001,11:18:30,11.1000,156,1
2026-06-15,000001,11:18:33,11.1000,28,1
2026-06-15,000001,11:18:36,11.1000,70,1
2026-06-15,000001,11:18:39,11.0900,140,2
2026-06-15,000001,11:18:42,11.0900,114,2
2026-06-15,000001,11:18:45,11.0900,1,2
